@book{Adams1979,
address = {London},
author = {Adams, Douglas},
edition = {First},
isbn = {0-330-25864-8},
publisher = {Pan Books},
title = {{The Hitchikers' Guide to the Galaxy}},
year = {1979}
}
@article{Alexander2009,
archivePrefix = {arXiv},
arxivId = {0808.3150},
author = {Alexander, Tal and Hopman, Clovis},
doi = {10.1088/0004-637X/697/2/1861},
eprint = {0808.3150},
journal = {ApJ},
month = jun,
number = {2},
pages = {1861--1869},
title = {{Strong Mass Segregation Around A Massive Black Hole}},
url = {http://stacks.iop.org/0004-637X/697/i=2/a=1861},
volume = {697},
year = {2009}
}
@article{Amaro-Seoane2007,
archivePrefix = {arXiv},
arxivId = {astro-ph/0703495},
author = {Amaro-Seoane, Pau and Gair, Jonathan R and Freitag, Marc and Miller, M Coleman and Mandel, Ilya and Cutler, Curt J and Babak, Stanislav},
doi = {10.1088/0264-9381/24/17/R01},
eprint = {0703495},
issn = {0264-9381},
journal = {Class.\ Quantum Grav.},
month = sep,
number = {17},
pages = {R113--R169},
primaryClass = {astro-ph},
title = {{Intermediate and extreme mass-ratio inspiralsï¿½astrophysics, science applications and detection using LISA}},
url = {http://adsabs.harvard.edu/abs/2007CQGra..24R.113A http://stacks.iop.org/0264-9381/24/i=17/a=R01},
volume = {24},
year = {2007}
}
@article{Amaro-Seoane2012a,
archivePrefix = {arXiv},
arxivId = {1202.0839},
author = {Amaro-Seoane, Pau and Aoudia, Sofiane and Babak, Stanislav and Bin{\'e}truy, Pierre and Berti, Emanuele and Boh{\'e}, Alejandro and Caprini, Chiara and Colpi, Monica and Cornish, Neil J and Danzmann, Karsten and Dufaux, Jean-Fran{\c{c}}ois and Gair, Jonathan and Jennrich, Oliver and Jetzer, Philippe and Klein, Antoine and Lang, Ryan N and Lobo, Alberto and Littenberg, Tyson and McWilliams, Sean T and Nelemans, Gijs and Petiteau, Antoine and Porter, Edward K and Schutz, Bernard F and Sesana, Alberto and Stebbins, Robin and Sumner, Tim and Vallisneri, Michele and Vitale, Stefano and Volonteri, Marta and Ward, Henry},
doi = {10.1088/0264-9381/29/12/124016},
eprint = {1202.0839},
journal = {Class.\ Quantum Grav.},
month = jun,
number = {12},
pages = {124016},
title = {{Low-frequency gravitational-wave science with eLISA/NGO}},
url = {http://stacks.iop.org/0264-9381/29/i=12/a=124016?key=crossref.4e517133c72b0340ee27d32c5ee1c2e2},
volume = {29},
year = {2012}
}
@article{Antonucci2012,
author = {Antonucci, F and Armano, M and Audley, H and Auger, G and Benedetti, M and Binetruy, P and Bogenstahl, J and Bortoluzzi, D and Bosetti, P and Brandt, N and Caleno, M and Ca\~{n}izares, P and Cavalleri, A and Cesa, M and Chmeissani, M and Conchillo, A and Congedo, G and Cristofolini, I and Cruise, M and Danzmann, K and {De Marchi}, F and Diaz-Aguilo, M and Diepholz, I and Dixon, G and Dolesi, R and Dunbar, N and Fauste, J and Ferraioli, L and Ferrone, V and Fichter, W and Fitzsimons, E and Freschi, M and Marin, A Garc\'{\i}a and Marirrodriga, C Garc\'{\i}a and Gerndt, R and Gesa, L and Gilbert, F and Giardini, D and Grimani, C and Grynagier, A and Guillaume, B and Guzm\'{a}n, F and Harrison, I and Heinzel, G and Hern\'{a}ndez, V and Hewitson, M and Hollington, D and Hough, J and Hoyland, D and Hueller, M and Huesler, J and Jennrich, O and Jetzer, P and Johlander, B and Karnesis, N and Killow, C and Llamas, X and Lloro, I and Lobo, A and Maarschalkerweerd, R and Madden, S and Mance, D and Mateos, I and McNamara, P W and Mendes, J and Mitchell, E and Monsky, A and Nicolini, D and Nicolodi, D and Nofrarias, M and Pedersen, F and Perreur-Lloyd, M and Plagnol, E and Prat, P and Racca, G D and Ramos-Castro, J and Reiche, J and Perez, J A Romera and Robertson, D and Rozemeijer, H and Sanjuan, J and Schleicher, A and Schulte, M and Shaul, D and Stagnaro, L and Strandmoe, S and Steier, F and Sumner, T J and Taylor, A and Texier, D and Trenkel, C and Tu, H-B and Vitale, S and Wanner, G and Ward, H and Waschke, S and Wass, P and Weber, W J and Ziegler, T and Zweifel, P},
doi = {10.1088/0264-9381/29/12/124014},
issn = {0264-9381},
journal = {Class.\ Quantum Grav.},
month = jun,
number = {12},
pages = {124014},
title = {{The LISA Pathfinder mission}},
url = {http://adsabs.harvard.edu/abs/2012CQGra..29l4014A},
volume = {29},
year = {2012}
}
@article{Anza2005,
author = {Anza, S and Armano, M and Balaguer, E and Benedetti, M and Boatella, C and Bosetti, P and Bortoluzzi, D and Brandt, N and Braxmaier, C and Caldwell, M and Carbone, L and Cavalleri, A and Ciccolella, A and Cristofolini, I and Cruise, M and Lio, M Da and Danzmann, K and Desiderio, D and Dolesi, R and Dunbar, N and Fichter, W and Garcia, C and Garcia-Berro, E and Marin, A F Garcia and Gerndt, R and Gianolio, A and Giardini, D and Gruenagel, R and Hammesfahr, A and Heinzel, G and Hough, J and Hoyland, D and Hueller, M and Jennrich, O and Johann, U and Kemble, S and Killow, C and Kolbe, D and Landgraf, M and Lobo, A and Lorizzo, V and Mance, D and Middleton, K and Nappo, F and Nofrarias, M and Racca, G and Ramos, J and Robertson, D and Sallusti, M and Sandford, M and Sanjuan, J and Sarra, P and Selig, A and Shaul, D and Smart, D and Smit, M and Stagnaro, L and Sumner, T and Tirabassi, C and Tobin, S and Vitale, S and Wand, V and Ward, H and Weber, W J and Zweifel, P},
doi = {10.1088/0264-9381/22/10/001},
journal = {Class.\ Quantum Grav.},
month = may,
number = {10},
pages = {S125--S138},
title = {{The LTP experiment on the LISA Pathfinder mission}},
url = {http://adsabs.harvard.edu/abs/2005CQGra..22S.125A},
volume = {22},
year = {2005}
}
@article{Babak2007,
archivePrefix = {arXiv},
arxivId = {gr-qc/0607007},
author = {Babak, Stanislav and Fang, Hua and Gair, Jonathan and Glampedakis, Kostas and Hughes, Scott},
doi = {10.1103/PhysRevD.75.024005},
eprint = {0607007},
journal = {Phys.\ Rev.\ D},
keywords = {Astrophysics,General Relativity and Quantum Cosmology},
month = jan,
number = {2},
pages = {024005},
primaryClass = {gr-qc},
title = {{``Kludge'' gravitational waveforms for a test-body orbiting a Kerr black hole}},
url = {http://arxiv.org/abs/gr-qc/0607007},
volume = {75},
year = {2007}
}
@article{Bahcall1977,
author = {Bahcall, J. N. and Wolf, R. A.},
doi = {10.1086/155534},
journal = {ApJ},
keywords = {BINARY STARS,BLACK HOLES (ASTRONOMY),BOLTZMANN DISTRIBUTION,BOUNDARY LAYER EQUATIONS,GLOBULAR CLUSTERS,MASS DISTRIBUTION,SCATTERING FUNCTIONS,STAR DISTRIBUTION,STEADY STATE,STELLAR MASS,STELLAR MOTIONS},
month = sep,
number = {3},
pages = {883--907},
title = {{The star distribution around a massive black hole in a globular cluster. II Unequal star masses}},
url = {http://adsabs.harvard.edu/abs/1977ApJ...216..883B},
volume = {216},
year = {1977}
}
@article{Barack2004,
archivePrefix = {arXiv},
arxivId = {gr-qc/0310125},
author = {Barack, Leor and Cutler, Curt},
doi = {10.1103/PhysRevD.69.082005},
eprint = {0310125},
journal = {Phys.\ Rev.\ D},
keywords = {Astrophysics,General Relativity and Quantum Cosmology},
month = apr,
number = {8},
pages = {082005},
primaryClass = {gr-qc},
title = {{LISA capture sources: Approximate waveforms, signal-to-noise ratios, and parameter estimation accuracy}},
url = {http://arxiv.org/abs/gr-qc/0310125},
volume = {69},
year = {2004}
}
@article{Barausse2012,
archivePrefix = {arXiv},
arxivId = {1201.5888},
author = {Barausse, Enrico},
doi = {10.1111/j.1365-2966.2012.21057.x},
eprint = {1201.5888},
journal = {MNRAS},
keywords = {Cosmology and Extragalactic Astrophysics,General Relativity and Quantum Cosmology},
month = jul,
number = {3},
pages = {2533--2557},
title = {{The evolution of massive black holes and their spins in their galactic hosts}},
url = {http://arxiv.org/abs/1201.5888 http://doi.wiley.com/10.1111/j.1365-2966.2012.21057.x},
volume = {423},
year = {2012}
}
@article{Bekenstein1973,
author = {Bekenstein, Jacob D.},
doi = {10.1086/152255},
journal = {ApJ},
month = jul,
number = {2},
pages = {657--664},
title = {{Gravitational-Radiation Recoil and Runaway Black Holes}},
url = {http://adsabs.harvard.edu/doi/10.1086/152255},
volume = {183},
year = {1973}
}
@techreport{Bender1998,
address = {Garching},
author = {Bender, P. and Brillet, A. and Ciufolini, I. and Cruise, A. M. and Cutler, C. and Danzmann, K. and Fidecaro, F. and Folkner, W. M. and Hough, J. and McNamara, P. and Peterseim, M. and Robertson, D. and Rodrigues, M. and R\"{u}diger, A. and Sandford, M. and Sch\"{a}fer, G. and Schilling, R. and Schutz, B. and Speake, C. and Stebbins, R. T. and Sumner, T. and Touboul, P. and Vinet, {J.-Y.} and Vitale, S. and Ward, H. and Winkler, W.},
edition = {Second},
institution = {Max-Planck-Institut f\"{u}r Quantenoptik},
title = {{LISA Pre-Phase A Report}},
year = {1998}
}
@article{Bender2005,
author = {Bender, Ralf and Kormendy, John and Bower, Gary and Green, Richard and Thomas, Jens and Danks, Anthony C. and Gull, Theodore and Hutchings, J. B. and Joseph, C. L. and Kaiser, M. E. and Lauer, Tod R. and Nelson, Charles H. and Richstone, Douglas and Weistrop, Donna and Woodgate, Bruce},
doi = {10.1086/432434},
journal = {ApJ},
month = sep,
number = {1},
pages = {280--300},
title = {{HST STIS Spectroscopy of the Triple Nucleus of M31: Two Nested Disks in Keplerian Rotation around a Supermassive Black Hole}},
url = {http://iopscience.iop.org/0004-637X/631/1/280},
volume = {631},
year = {2005}
}
@book{Berg2008,
address = {Berlin},
author = {de Berg, Mark and Cheong, Otfried and van Kreveld, Marc and Overmars, Mark},
edition = {Third},
isbn = {3540779736},
pages = {386},
publisher = {Springer},
title = {{Computational Geometry: Algorithms and Applications}},
url = {http://books.google.com/books?id=tkyG8W2163YC&pgis=1},
year = {2008}
}
@article{Berry2013,
archivePrefix = {arXiv},
arxivId = {1210.2778},
author = {Berry, C. P. L. and Gair, J. R.},
doi = {10.1093/mnras/sts360},
eprint = {1210.2778},
issn = {0035-8711},
journal = {MNRAS},
month = feb,
number = {1},
pages = {589--612},
title = {{Observing the Galaxy's massive black hole with gravitational wave bursts}},
url = {http://arxiv.org/abs/1210.2778 http://mnras.oxfordjournals.org/cgi/doi/10.1093/mnras/sts360},
volume = {429},
year = {2013}
}
@misc{Berry2013b,
author = {Berry, Christopher P. L. and Gair, Jonathan R.},
title = {in preparation},
year = {2013}
}
@article{Berti2008,
archivePrefix = {arXiv},
arxivId = {0802.0025},
author = {Berti, Emanuele and Volonteri, Marta},
doi = {10.1086/590379},
eprint = {0802.0025},
journal = {ApJ},
keywords = {Black Hole Physics,Cosmology: Theory,Galaxies: Evolution,Gravitational Waves},
month = sep,
number = {2},
pages = {822--828},
title = {{Cosmological Black Hole Spin Evolution by Mergers and Accretion}},
url = {http://adsabs.harvard.edu/abs/2008ApJ...684..822B},
volume = {684},
year = {2008}
}
@article{Brenneman2011,
archivePrefix = {arXiv},
arxivId = {1104.1172},
author = {Brenneman, L. W. and Reynolds, C. S. and Nowak, M. A. and Reis, R. C. and Trippe, M. and Fabian, A. C. and Iwasawa, K. and Lee, J. C. and Miller, J. M. and Mushotzky, R. F. and Nandra, K. and Volonteri, M.},
doi = {10.1088/0004-637X/736/2/103},
eprint = {1104.1172},
journal = {ApJ},
keywords = {High Energy Astrophysical Phenomena},
month = aug,
number = {2},
pages = {103},
title = {{The Spin of the Supermassive Black Hole in NGC 3783}},
url = {http://stacks.iop.org/0004-637X/736/i=2/a=103?key=crossref.98281a5bad82751347e69efc67e949ea},
volume = {736},
year = {2011}
}
@book{Chandrasekhar1998,
address = {Oxford},
author = {Chandrasekhar, S.},
isbn = {0-19-850370-9},
publisher = {Oxford Univ.\ Press},
series = {Oxford Classic Texts in the Physical Sciences},
title = {{The Mathematical Theory of Black Holes}},
year = {1998}
}
@article{Cutler1994,
author = {Cutler, Curt and Flanagan, \'{E}anna E.},
doi = {10.1103/PhysRevD.49.2658},
issn = {0556-2821},
journal = {Phys.\ Rev.\ D},
month = mar,
number = {6},
pages = {2658--2697},
title = {{Gravitational waves from merging compact binaries: How accurately can one extract the binaryï¿½s parameters from the inspiral waveform?}},
url = {http://prd.aps.org/abstract/PRD/v49/i6/p2658_1},
volume = {49},
year = {1994}
}
@article{Cutler1998,
author = {Cutler, Curt},
doi = {10.1103/PhysRevD.57.7089},
issn = {0556-2821},
journal = {Phys.\ Rev.\ D},
month = jun,
number = {12},
pages = {7089--7102},
title = {{Angular resolution of the LISA gravitational wave detector}},
url = {http://prd.aps.org/abstract/PRD/v57/i12/p7089_1},
volume = {57},
year = {1998}
}
@article{Danzmann2003,
author = {Danzmann, Karsten and R\"{u}diger, Albrecht},
doi = {10.1088/0264-9381/20/10/301},
journal = {Class.\ Quantum Grav.},
month = may,
number = {10},
pages = {S1--S9},
title = {{LISA technology concept, status, prospects}},
url = {http://stacks.iop.org/0264-9381/20/i=10/a=301},
volume = {20},
year = {2003}
}
@article{Drasco2004,
archivePrefix = {arXiv},
arxivId = {astro-ph/0308479},
author = {Drasco, Steve and Hughes, Scott},
doi = {10.1103/PhysRevD.69.044015},
eprint = {0308479},
journal = {Phys.\ Rev.\ D},
keywords = {Astrophysics,General Relativity and Quantum Cosmology},
month = feb,
number = {4},
pages = {044015},
primaryClass = {astro-ph},
title = {{Rotating black hole orbit functionals in the frequency domain}},
url = {http://arxiv.org/abs/astro-ph/0308479},
volume = {69},
year = {2004}
}
@article{Dotti2013,
archivePrefix = {arXiv},
arxivId = {1211.4871},
author = {Dotti, M. and Colpi, M. and Pallini, S. and Perego, A. and Volonteri, M.},
doi = {10.1088/0004-637X/762/2/68},
eprint = {1211.4871},
journal = {ApJ},
month = jan,
number = {2},
pages = {68},
title = {{On the Orientation and Magnitude of the Black Hole Spin in Galactic Nuclei}},
url = {http://arxiv.org/abs/1211.4871 http://stacks.iop.org/0004-637X/762/i=2/a=68?key=crossref.4c134dd7a59831b1c963e4d95fbe1a76},
volume = {762},
year = {2013}
}
@article{Ferrarese2000,
author = {Ferrarese, Laura and Merritt, David},
doi = {10.1086/312838},
journal = {ApJ},
month = aug,
number = {1},
pages = {L9--L12},
title = {{A Fundamental Relation between Supermassive Black Holes and Their Host Galaxies}},
url = {http://stacks.iop.org/1538-4357/539/i=1/a=L9},
volume = {539},
year = {2000}
}
@article{Ferrarese2005,
archivePrefix = {arXiv},
arxivId = {astro-ph/0411247},
author = {Ferrarese, Laura and Ford, Holland},
doi = {10.1007/s11214-005-3947-6},
eprint = {0411247},
issn = {0038-6308},
journal = {Space Sci.\ Rev.},
language = {en},
month = feb,
number = {3-4},
pages = {523--624},
primaryClass = {astro-ph},
title = {{Supermassive Black Holes in Galactic Nuclei: Past, Present and Future Research}},
url = {http://adsabs.harvard.edu/abs/2005SSRv..116..523F},
volume = {116},
year = {2005}
}
@article{Finn1992,
author = {Finn, Lee S.},
doi = {10.1103/PhysRevD.46.5236},
issn = {0556-2821},
journal = {Phys.\ Rev.\ D},
month = dec,
number = {12},
pages = {5236--5249},
title = {{Detection, measurement, and gravitational radiation}},
url = {http://prd.aps.org/abstract/PRD/v46/i12/p5236_1},
volume = {46},
year = {1992}
}
@article{Gair2005,
archivePrefix = {arXiv},
arxivId = {gr-qc/0508049},
author = {Gair, Jonathan R. and Kennefick, Daniel J. and Larson, Shane L.},
doi = {10.1103/PhysRevD.72.084009},
eprint = {0508049},
journal = {Phys.\ Rev.\ D},
keywords = {General Relativity and Quantum Cosmology},
month = oct,
number = {8},
pages = {084009},
primaryClass = {gr-qc},
title = {{Semirelativistic approximation to gravitational radiation from encounters with nonspinning black holes}},
url = {http://arxiv.org/abs/gr-qc/0508049},
volume = {72},
year = {2005}
}
@article{Gallo2011,
author = {Gallo, L. C. and Miniutti, G. and Miller, J. M. and Brenneman, L. W. and Fabian, A. C. and Guainazzi, M. and Reynolds, C. S.},
doi = {10.1111/j.1365-2966.2010.17705.x},
journal = {MNRAS},
month = feb,
number = {1},
pages = {607--619},
title = {{Multi-epoch X-ray observations of the Seyfert 1.2 galaxy Mrk 79: bulk motion of the illuminating X-ray source}},
url = {http://doi.wiley.com/10.1111/j.1365-2966.2010.17705.x},
volume = {411},
year = {2011}
}
@article{Gammie2004,
author = {Gammie, Charles F. and Shapiro, Stuart L. and McKinney, Jonathan C.},
doi = {10.1086/380996},
journal = {ApJ},
keywords = {Accretion,Accretion Disks,Black Hole Physics,Magnetohydrodynamics: MHD,Methods: Numerical},
month = feb,
number = {1},
pages = {312--319},
title = {{Black Hole Spin Evolution}},
url = {http://adsabs.harvard.edu/abs/2004ApJ...602..312G},
volume = {602},
year = {2004}
}
@article{Gebhardt2000,
author = {Gebhardt, Karl and Bender, Ralf and Bower, Gary and Dressler, Alan and Faber, S. M. and Filippenko, Alexei V. and Green, Richard and Grillmair, Carl and Ho, Luis C. and Kormendy, John and Lauer, Tod R. and Magorrian, John and Pinkney, Jason and Richstone, Douglas and Tremaine, Scott},
doi = {10.1086/312840},
journal = {ApJ},
month = aug,
number = {1},
pages = {L13--L16},
title = {{A Relationship between Nuclear Black Hole Mass and Galaxy Velocity Dispersion}},
url = {http://stacks.iop.org/1538-4357/539/i=1/a=L13},
volume = {539},
year = {2000}
}
@article{Gillessen2009,
archivePrefix = {arXiv},
arxivId = {0810.4674},
author = {Gillessen, S. and Eisenhauer, F. and Trippe, S. and Alexander, T. and Genzel, R. and Martins, F. and Ott, T.},
doi = {10.1088/0004-637X/692/2/1075},
eprint = {0810.4674},
journal = {ApJ},
keywords = {Astrophysics},
month = feb,
number = {2},
pages = {1075--1109},
title = {{Monitoring stellar orbits around the Massive Black Hole in the Galactic Center}},
url = {http://stacks.iop.org/0004-637X/692/i=2/a=1075?key=crossref.964d8bd98cab29742a0e1e712658e4b1 http://arxiv.org/abs/0810.4674},
volume = {692},
year = {2009}
}
@article{Glampedakis2002,
archivePrefix = {arXiv},
arxivId = {gr-qc/0205033},
author = {Glampedakis, Kostas and Hughes, Scott and Kennefick, Daniel},
doi = {10.1103/PhysRevD.66.064005},
eprint = {0205033},
file = {:C\:/Users/cplb2/AppData/Local/Mendeley Ltd./Mendeley Desktop/Downloaded/Glampedakis, Hughes, Kennefick - 2002 - Approximating the inspiral of test bodies into Kerr black holes.pdf:pdf},
issn = {0556-2821},
journal = {Phys.\ Rev.\ D},
keywords = {Astrophysics,General Relativity and Quantum Cosmology},
month = sep,
number = {6},
pages = {064005},
primaryClass = {gr-qc},
title = {{Approximating the inspiral of test bodies into Kerr black holes}},
url = {http://arxiv.org/abs/gr-qc/0205033},
volume = {66},
year = {2002}
}
@article{Glampedakis2002a,
author = {Glampedakis, Kostas and Kennefick, Daniel},
doi = {10.1103/PhysRevD.66.044002},
issn = {0556-2821},
journal = {Phys.\ Rev.\ D},
month = aug,
number = {4},
pages = {044002},
publisher = {American Physical Society},
shorttitle = {Phys. Rev. D},
title = {{Zoom and whirl: Eccentric equatorial orbits around spinning black holes and their evolution under gravitational radiation reaction}},
url = {http://link.aps.org/doi/10.1103/PhysRevD.66.044002},
volume = {66},
year = {2002}
}
@article{Gonzalez2007,
author = {Gonz{\'a}lez, Jos{\'e} A. and Sperhake, Ulrich and Br{\"u}gmann, Bernd and Hannam, Mark and Husa, Sascha},
doi = {10.1103/PhysRevLett.98.091101},
journal = {Phys.\ Rev.\ Lett.},
month = feb,
number = {9},
pages = {091101},
title = {{Maximum Kick from Nonspinning Black-Hole Binary Inspiral}},
url = {http://prl.aps.org/abstract/PRL/v98/i9/e091101},
volume = {98},
year = {2007}
}
@article{Graham2001,
author = {Graham, Alister W. and Erwin, Peter and Caon, N. and Trujillo, I.},
doi = {10.1086/338500},
journal = {ApJ},
keywords = {Black Hole Physics,Galaxies: Fundamental Parameters,Galaxies: Kinematics and Dynamics,Galaxies: Nuclei,Galaxies: Photometry,Galaxies: Structure},
month = dec,
number = {1},
pages = {L11--L14},
title = {{A Correlation between Galaxy Light Concentration and Supermassive Black Hole Mass}},
url = {http://adsabs.harvard.edu/abs/2001ApJ...563L..11G},
volume = {563},
year = {2001}
}
@article{Graham2007,
author = {Graham, Alister W.},
doi = {10.1111/j.1365-2966.2007.11950.x},
journal = {MNRAS},
keywords = {black hole physics,galaxies: bulges,galaxies: photometry},
month = aug,
number = {2},
pages = {711--722},
title = {{The black hole mass - spheroid luminosity relation}},
url = {http://adsabs.harvard.edu/abs/2007MNRAS.379..711G},
volume = {379},
year = {2007}
}
@article{Graham2008,
author = {Graham, Alister W.},
issn = {1323-3580},
journal = {Publ.\ Astron.\ Soc.\ Aust.},
keywords = {black hole physics,catalogues,galaxies: bulges,galaxies: fundamental parameters,galaxies: kinematics and dynamics,galaxies: nuclei},
language = {en},
month = nov,
number = {4},
pages = {167},
title = {{Populating the Galaxy Velocity Dispersion: Supermassive Black Hole Mass Diagram, A Catalogue of ($M_\mathrm{bh}$, $\sigma$) Values}},
url = {http://adsabs.harvard.edu/abs/2008PASA...25..167G},
volume = {25},
year = {2008}
}
@article{Graham2011,
archivePrefix = {arXiv},
arxivId = {1007.3834},
author = {Graham, Alister W. and Onken, Christopher A. and Athanassoula, E. and Combes, F.},
doi = {10.1111/j.1365-2966.2010.18045.x},
eprint = {1007.3834},
journal = {MNRAS},
keywords = {Cosmology and Extragalactic Astrophysics,High Energy Astrophysical Phenomena,black hole physics,catalogues,galaxies: Seyfert,galaxies: active,galaxies: nuclei,quasars: general},
month = apr,
number = {4},
pages = {2211--2228},
title = {{An expanded $M_\mathrm{bh}$-$\sigma$ diagram, and a new calibration of active galactic nuclei masses}},
url = {http://doi.wiley.com/10.1111/j.1365-2966.2010.18045.x http://adsabs.harvard.edu/abs/2011MNRAS.412.2211G},
volume = {412},
year = {2011}
}
@article{Graham2013,
archivePrefix = {arXiv},
arxivId = {1211.3199},
author = {Graham, Alister W. and Scott, Nicholas},
doi = {10.1088/0004-637X/764/2/151},
eprint = {1211.3199},
journal = {ApJ},
month = feb,
number = {2},
pages = {151},
title = {{The $M_\mathrm{BH}$-$L$ Relation at High and Low Masses, the Quadratic Growth of Black Holes, and Intermediate-mass Black Hole Candidates}},
url = {http://stacks.iop.org/0004-637X/764/i=2/a=151?key=crossref.e55f717240dfe60738078af1c8a82072},
volume = {764},
year = {2013}
}

@article{Greenhill1997,
author = {Greenhill, L. J. and Moran, J. M. and Herrnstein, J. R.},
journal = {ApJ},
keywords = {GALAXIES: INDIVIDUAL NGC NUMBER: NGC 4945,GALAXIES: KINEMATICS AND DYNAMICS,GALAXIES: NUCLEI,MASERS},
language = {en},
month = may,
number = {1},
pages = {L23--L26},
title = {{The Distribution of H[TINF]2[/TINF]O Maser Emission in the Nucleus of NGC 4945}},
url = {http://adsabs.harvard.edu/abs/1997ApJ...481L..23G},
volume = {481},
year = {1997}
}
@article{Greenhill2003,
author = {Greenhill, L. J. and Booth, R. S. and Ellingsen, S. P. and Herrnstein, J. R. and Jauncey, D. L. and McCulloch, P. M. and Moran, J. M. and Norris, R. P. and Reynolds, J. E. and Tzioumis, A. K.},
issn = {0004-637X},
journal = {ApJ},
keywords = {Galaxies: Active,Galaxies: Individual: Name: Circinus,Galaxies: Seyfert,ISM: Jets and Outflows,ISM: Molecules,Masers},
month = jun,
number = {1},
pages = {162--173},
title = {{A Warped Accretion Disk and Wide-Angle Outflow in the Inner Parsec of the Circinus Galaxy}},
url = {http://adsabs.harvard.edu/abs/2003ApJ...590..162G},
volume = {590},
year = {2003}
}
@article{Haario1999,
abstract = {The choice of a suitable MCMC method and further the choice of a proposal distribution is known to be crucial for the convergence of the Markov chain. However, in many cases the choice of an effective proposal distribution is difficult. As a remedy we suggest a method called Adaptive Proposal (AP). Although the stationary distribution of the AP algorithm is slightly biased, it appears to provide an efficient tool for, e.g., reasonably low dimensional problems, as typically encountered in non-linear regression problems in natural sciences. As a realistic example we include a successful application of the AP algorithm in parameter estimation for the satellite instrument `GOMOS'. In this paper we also present systematic performance criteria for comparing Adaptive Proposal algorithm with more traditional Metropolis algorithms.},
author = {Haario, Heikki and Saksman, Eero and Tamminen, Johanna},
doi = {10.1007/s001800050022},
institution = {University of Helsinki, Finland},
issn = {09434062},
journal = {Comput.\ Stat.},
number = {3},
pages = {375},
title = {{Adaptive proposal distribution for random walk Metropolis algorithm}},
url = {http://www.springerlink.com/index/10.1007/s001800050022},
volume = {14},
year = {1999}
}
@article{Haring2004,
author = {H{\"a}ring, Nadine and Rix, Hans-Walter},
doi = {10.1086/383567},
journal = {ApJ},
month = apr,
number = {2},
pages = {L89--L92},
title = {{On the Black Hole Mass-Bulge Mass Relation}},
url = {http://stacks.iop.org/1538-4357/604/i=2/a=L89},
volume = {604},
year = {2004}
}
@article{Hastings1970,
abstract = {A generalization of the sampling method introduced by Metropolis et al. (1953) is presented along with an exposition of the relevant theory, techniques of application and methods and difficulties of assessing the error in Monte Carlo estimates. Examples of the methods, including the generation of random orthogonal matrices and potential applications of the methods to numerical problems arising in statistics, are discussed.},
author = {Hastings, W. K.},
doi = {10.1093/biomet/57.1.97},
journal = {Biometrika},
month = apr,
number = {1},
pages = {97--109},
title = {{Monte Carlo sampling methods using Markov chains and their applications}},
url = {http://biomet.oxfordjournals.org/cgi/doi/10.1093/biomet/57.1.97},
volume = {57},
year = {1970}
}
@book{Hobson2006,
address = {Cambridge},
author = {Hobson, M. P. and Efstathiou, G. and Lasenby, A.N.},
isbn = {978-0-521-82951-9},
publisher = {Cambridge University Press},
title = {{General Relativity: An Introduction for Physicists}},
year = {2006}
}
@article{Hopman2007,
archivePrefix = {arXiv},
arxivId = {astro-ph/0612337},
author = {Hopman, Clovis and Freitag, Marc and Larson, Shane L.},
doi = {10.1111/j.1365-2966.2007.11758.x},
eprint = {0612337},
journal = {MNRAS},
keywords = {Astrophysics,General Relativity and Quantum Cosmology},
month = jun,
number = {1},
pages = {129--136},
primaryClass = {astro-ph},
title = {{Gravitational wave bursts from the Galactic massive black hole}},
url = {http://www.blackwell-synergy.com/doi/abs/10.1111/j.1365-2966.2007.11758.x},
volume = {378},
year = {2007}
}
@article{Hughes2003,
author = {Hughes, Scott A. and Blandford, Roger D.},
doi = {10.1086/375495},
journal = {ApJ},
keywords = {Black Hole Physics,Galaxies: Active,Galaxies: Nuclei,Galaxies: Quasars: General,Gravitation},
month = mar,
number = {2},
pages = {L101--L104},
title = {{Black Hole Mass and Spin Coevolution by Mergers}},
url = {http://adsabs.harvard.edu/abs/2003ApJ...585L.101H},
volume = {585},
year = {2003}
}
@article{Jaranowski2012,
author = {Jaranowski, Piotr and Kr{\'o}lak, Andrzej},
doi = {10.12942/lrr-2012-4},
issn = {1433-8351},
journal = {Living Rev.\ Relativ.},
keywords = {gravitational waves,parameter estimation,signal detection},
number = {4},
title = {{Gravitational-Wave Data Analysis. Formalism and Sample Applications: The Gaussian Case}},
url = {http://adsabs.harvard.edu/abs/2012LRR....15....4J},
volume = {15},
year = {2012}
}
@techreport{Jennrich2011,
address = {Noordwijk},
author = {Jennrich, Oliver and Binetruy, Pierre and Colpi, Monica and Danzmann, Karsten and Jetzer, Philippe and Lobo, Alberto and Nelemans, Gijs and Schutz, Bernard and Stebbins, Robin and Sumner, Tim and Vitale, Stefano and Ward, Henry},
institution = {European Space Agency},
keywords = {ESA/SRE(2011)19},
pages = {153},
title = {{NGO Revealing a Hidden Universe: Opening a New Chapter of Discovery}},
url = {http://elisa-ngo.org/publications/publications-yellow-book},
year = {2011}
}
@article{Karachentsev2004,
author = {Karachentsev, Igor D. and Karachentseva, Valentina E. and Huchtmeier, Walter K. and Makarov, Dmitry I.},
doi = {10.1086/382905},
journal = {AJ},
month = apr,
number = {4},
pages = {2031--2068},
title = {{A Catalog of Neighboring Galaxies}},
url = {http://stacks.iop.org/1538-3881/127/i=4/a=2031},
volume = {127},
year = {2004}
}
@article{Karachentsev2007,
author = {Karachentsev, Igor D. and Tully, R. Brent and Dolphin, Andrew and Sharina, Margarita and Makarova, Lidia and Makarov, Dmitry and Sakai, Shoko and Shaya, Edward J. and Kashibadze, Olga G. and Karachentseva, Valentina and Rizzi, Luca},
issn = {0004-6256},
journal = {AJ},
keywords = {galaxies: clusters: general,galaxies: distances and redshifts,galaxies: kinematics and dynamics},
language = {en},
month = feb,
number = {2},
pages = {504--517},
title = {{The Hubble Flow around the Centaurus A/M83 Galaxy Complex}},
url = {http://adsabs.harvard.edu/abs/2007AJ....133..504K},
volume = {133},
year = {2007}
}
@article{King2006,
author = {King, A. R. and Pringle, J. E.},
doi = {10.1111/j.1745-3933.2006.00249.x},
journal = {MNRAS},
month = nov,
number = {1},
pages = {L90--L92},
title = {{Growing supermassive black holes by chaotic accretion}},
url = {http://www.blackwell-synergy.com/doi/abs/10.1111/j.1745-3933.2006.00249.x},
volume = {373},
year = {2006}
}
@article{King2008,
author = {King, A. R. and Pringle, J. E. and Hofmann, J. A.},
doi = {10.1111/j.1365-2966.2008.12943.x},
journal = {MNRAS},
keywords = {accretion,accretion discs,black hole physics,galaxies: active},
month = apr,
number = {3},
pages = {1621--1627},
title = {{The evolution of black hole mass and spin in active galactic nuclei}},
url = {http://adsabs.harvard.edu/abs/2008MNRAS.385.1621K},
volume = {385},
year = {2008}
}
@article{Kormendy1995,
author = {Kormendy, J and Richstone, D},
doi = {10.1146/annurev.aa.33.090195.003053},
journal = {ARA\&A},
month = sep,
number = {1},
pages = {581--624},
title = {{Inward Bound--The Search for Supermassive Black Holes in Galactic Nuclei}},
url = {http://adsabs.harvard.edu/abs/1995ARA&A..33..581K},
volume = {33},
year = {1995}
}
@article{Lohfink2012,
archivePrefix = {arXiv},
arxivId = {1209.0468},
author = {Lohfink, Anne M. and Reynolds, Christopher S. and Miller, Jon M. and Brenneman, Laura W. and Mushotzky, Richard F. and Nowak, Michael A. and Fabian, Andrew C.},
eprint = {1209.0468},
month = sep,
title = {{The Black Hole Spin and Soft X-ray Excess of the Luminous Seyfert Galaxy Fairall 9}},
url = {http://arxiv.org/abs/1209.0468},
year = {2012}
}
@article{Lynden-Bell1971,
author = {Lynden-Bell, D. and Rees, M. J.},
journal = {MNRAS},
month = jun,
number = {4},
pages = {461--475},
title = {{On quasars, dust and the galactic centre}},
url = {http://adsabs.harvard.edu/abs/1971MNRAS.152..461L},
volume = {152},
year = {1971}
}
@book{MacKay2003,
address = {Cambridge},
author = {MacKay, David J. C.},
isbn = {978-0-521-64298-9},
pages = {640},
publisher = {Cambridge Univ.\ Press},
title = {{Information Theory, Inference and Learning Algorithms}},
url = {http://www.amazon.com/Information-Theory-Inference-Learning-Algorithms/dp/0521642981},
year = {2003}
}
@article{Magorrian1998,
archivePrefix = {arXiv},
arxivId = {astro-ph/9708072},
author = {Magorrian, John and Tremaine, Scott and Richstone, Douglas and Bender, Ralf and Bower, Gary and Dressler, Alan and Faber, S. M. and Gebhardt, Karl and Green, Richard and Grillmair, Carl and Kormendy, John and Lauer, Tod},
doi = {10.1086/300353},
eprint = {9708072},
journal = {AJ},
keywords = {COSMOLOGY: DARK MATTER,GALAXIES: NUCLEI},
month = jun,
number = {6},
pages = {2285--2305},
primaryClass = {astro-ph},
title = {{The Demography of Massive Dark Objects in Galaxy Centers}},
url = {http://adsabs.harvard.edu/abs/1998AJ....115.2285M},
volume = {115},
year = {1998}
}
@article{Marconi2003,
author = {Marconi, Alessandro and Hunt, Leslie K.},
doi = {10.1086/375804},
journal = {ApJ},
month = may,
number = {1},
pages = {L21--L24},
title = {{The Relation between Black Hole Mass, Bulge Mass, and Near-Infrared Luminosity}},
url = {http://stacks.iop.org/1538-4357/589/i=1/a=L21},
volume = {589},
year = {2003}
}
@inproceedings{McNamara2013,
address = {San Francisco},
author = {McNamara,  P. and Antonucci,  F. and Armano,  M. and Audley,  H. and Auger,  G. and Benedetti,  M. and Binetruy,  P. and Bogenstahl,  J. and Bortoluzzi,  D. and Brandt,  N. and Caleno,  M. and Cavalleri,  A. and Congedo,  G. and Cruise,  M., and Danzmann,  K. and {De Marchi},  F. and Diaz-Aguilo,  M. and Diepholz,  I. and Dixton,  G. and Dolesi,  R. and Dumbar,  N. and Fauste,  J. and Ferraioli,  L. and Ferroni,  V. and Fichter,  W. and Fitzsimons,  E. and Freschi,  M. and {Garc\'{\i}a Marirrodriga},  C. and Gerndt,  R. and Gesa,  L. and Gibert,  F. and Giardini,  D. and Grimani,  C. and Grynagier,  A. and Guzm\'{a}n,  F. and Harrison,  I. and Heinzel,  G. and Hewitson,  M. and Hollington,  D. and Hoyland,  D. and Hueller,  M. and Huesler,  J. and Jennrich,  O. and Jetzer,  P. and Johlander,  B. and Karnesis,  N. and Korsakova,  N. and Killow,  C. and Llamas,  X. and Lloro,  I. and Lobo,  A. and Maarschalkerweerd,  R. and Madden,  S. and Mance,  D. and Martin,  V. and Mateos,  I. and Mendes,  J. and Mitchell,  E. and Nicolodi,  D. and Nofrarias,  M. and Perreur-Lloyd,  M. and Plagnol,  E. and Prat,  P. and Ramos-Castro,  J. and Reiche,  J. and {Romera Perez},  J. A. and Robertson,  D. and Rozemeijer,  H. and Russano,  G. and Schleicher,  A. and Shaul,  D. and Sopuerta,  C. F. and Sumner,  T. J. and Taylor,  A. and Texier,  D. and Trenkel,  C. and Tu,  H. B. and Vitale,  S. and Wanner,  G. and Ward,  H. and Waschke,  S. and Wass,  P. and Wealthy,  D. and Wen,  S. and Weber,  W. and Ziegler,  T. and Zweifel,  P.},
booktitle = {ASP Conf.\ Ser.},
editor = {Auger, G. and Bin{\'e}truy, P. and Plagnol, E.},
isbn = {978-1-58381-816-9},
month = jan,
pages = {5--16},
publisher = {Astron.\ Soc.\ Pac.},
title = {{The LISA Pathfinder Mission}},
url = {http://adsabs.harvard.edu/abs/2013ASPC..467....5M},
volume = {467},
year = {2013}
}
@article{Metropolis1953,
author = {Metropolis, Nicholas and Rosenbluth, Arianna W. and Rosenbluth, Marshall N. and Teller, Augusta H. and Teller, Edward},
doi = {10.1063/1.1699114},
journal = {J.\ Chem.\ Phys.},
month = jun,
number = {6},
pages = {1087},
title = {{Equation of State Calculations by Fast Computing Machines}},
url = {http://link.aip.org/link/JCPSA6/v21/i6/p1087/s1&Agg=doi},
volume = {21},
year = {1953}
}
@book{Misner1973,
address = {New York},
author = {Misner, C. W. and Thorne, K. S. and Wheeler, J. A.},
isbn = {978-0-7167-0344-0},
publisher = {W. H. Freeman},
title = {{Gravitation}},
year = {1973}
}
@article{Nardini2011,
author = {Nardini, E. and Fabian, A. C. and Reis, R. C. and Walton, D. J.},
doi = {10.1111/j.1365-2966.2010.17518.x},
journal = {MNRAS},
month = jan,
number = {2},
pages = {1251--1261},
title = {{A reflection origin for the soft and hard X-ray excess of Ark 120}},
url = {http://doi.wiley.com/10.1111/j.1365-2966.2010.17518.x},
volume = {410},
year = {2011}
}
@article{Nowak2010,
archivePrefix = {arXiv},
arxivId = {0912.2511},
author = {Nowak, N. and Thomas, J. and Erwin, P. and Saglia, R. P. and Bender, R. and Davies, R. I.},
doi = {10.1111/j.1365-2966.2009.16167.x},
eprint = {0912.2511},
issn = {00358711},
journal = {MNRAS},
keywords = {galaxies: bulges,galaxies: individual: NGC 3368,galaxies: individual: NGC 3489,galaxies: kinematics and dynamics},
language = {en},
month = feb,
number = {2},
pages = {646--672},
title = {{Do black hole masses scale with classical bulge luminosities only? The case of the two composite pseudo-bulge galaxies NGC 3368 and NGC 3489}},
url = {http://doi.wiley.com/10.1111/j.1365-2966.2009.16167.x http://adsabs.harvard.edu/abs/2010MNRAS.403..646N},
volume = {403},
year = {2010}
}
@article{Patrick2011,
author = {Patrick, A. R. and Reeves, J. N. and Porquet, D. and Markowitz, A. G. and Lobban, A. P. and Terashima, Y.},
doi = {10.1111/j.1365-2966.2010.17852.x},
journal = {MNRAS},
month = mar,
number = {4},
pages = {2353--2370},
title = {{Iron line profiles in Suzaku spectra of bare Seyfert galaxies}},
url = {http://doi.wiley.com/10.1111/j.1365-2966.2010.17852.x},
volume = {411},
year = {2011}
}
@article{Peterson2005,
archivePrefix = {arXiv},
arxivId = {astro-ph/0506665},
author = {Peterson, Bradley M. and Bentz, Misty C. and Desroches, Louis-Benoit and Filippenko, Alexei V. and Ho, Luis C. and Kaspi, Shai and Laor, Ari and Maoz, Dan and Moran, Edward C. and Pogge, Richard W. and Quillen, Alice C.},
doi = {10.1086/444494},
eprint = {0506665},
journal = {ApJ},
keywords = {Galaxies: Active,Galaxies: Nuclei,Galaxies: Quasars: Emission Lines,Galaxies: Seyfert,Ultraviolet: Galaxies},
month = oct,
number = {2},
pages = {799--808},
primaryClass = {astro-ph},
title = {{Multiwavelength Monitoring of the Dwarf Seyfert 1 Galaxy NGC 4395. I. A Reverberation-based Measurement of the Black Hole Mass}},
url = {http://adsabs.harvard.edu/abs/2005ApJ...632..799P},
volume = {632},
year = {2005}
}
@article{Press1977,
author = {Press, William},
doi = {10.1103/PhysRevD.15.965},
journal = {Phys.\ Rev.\ D},
month = feb,
number = {4},
pages = {965--968},
publisher = {American Physical Society},
shorttitle = {Phys. Rev. D},
title = {{Gravitational radiation from sources which extend into their own wave zone}},
url = {http://link.aps.org/doi/10.1103/PhysRevD.15.965},
volume = {15},
year = {1977}
}
@article{Preto2010,
archivePrefix = {arXiv},
arxivId = {0910.3206},
author = {Preto, Miguel and Amaro-Seoane, Pau},
doi = {10.1088/2041-8205/708/1/L42},
eprint = {0910.3206},
journal = {ApJ},
month = jan,
number = {1},
pages = {L42--L46},
title = {{On Strong Mass Segregation Around A Massive Black Hole: Implications For Lower-Frequency Gravitational-Wave Astrophysics}},
url = {http://stacks.iop.org/2041-8205/708/i=1/a=L42},
volume = {708},
year = {2010}
}
@article{Rekola2005,
author = {Rekola, R. and Richer, M. G. and McCall, Marshall L. and Valtonen, M. J. and Kotilainen, J. K. and Flynn, Chris},
doi = {10.1111/j.1365-2966.2005.09166.x},
issn = {0035-8711},
journal = {MNRAS},
keywords = {galaxies: distances and redshifts,galaxies: individual: NGC 253},
month = jul,
number = {1},
pages = {330--336},
title = {{Distance to NGC 253 based on the planetary nebula luminosity function}},
url = {http://adsabs.harvard.edu/abs/2005MNRAS.361..330R},
volume = {361},
year = {2005}
}
@article{Rodriguez-Rico2006,
archivePrefix = {arXiv},
arxivId = {astro-ph/0603023},
author = {Rodr{\'i}guez-Rico, C. A. and Goss, W. M. and Zhao, J.-H. and Gomez, Y. and Anantharamaiah, K. R.},
doi = {10.1086/503796},
eprint = {0603023},
journal = {ApJ},
keywords = {Galaxies: Starburst},
month = jun,
number = {2},
pages = {914--923},
primaryClass = {astro-ph},
title = {{Very Large Array H53$\alpha$ and H92$\alpha$ Line Observations of the Central Region of NGC 253}},
url = {http://adsabs.harvard.edu/abs/2006ApJ...644..914R},
volume = {644},
year = {2006}
}
@article{Rubbo2006,
archivePrefix = {arXiv},
arxivId = {astro-ph/0602445},
author = {Rubbo, Louis J. and Holley-Bockelmann, Kelly and Finn, Lee Samuel},
doi = {10.1086/508326},
eprint = {0602445},
journal = {ApJ},
keywords = {Astrophysics,General Relativity and Quantum Cosmology},
month = sep,
number = {1},
pages = {L25--L28},
primaryClass = {astro-ph},
publisher = {AIP},
title = {{Event Rate for Extreme Mass Ratio Burst Signals in the Laser Interferometer Space Antenna Band}},
url = {http://stacks.iop.org/1538-4357/649/i=1/a=L25},
volume = {649},
year = {2006}
}
@article{Ruffini1981,
author = {Ruffini, Remo and Sasaki, Misao},
doi = {10.1143/PTP.66.1627},
journal = {Prog.\ Theor.\ Phys.},
month = nov,
number = {5},
pages = {1627--1638},
title = {{On a Semi-Relativistic Treatment of the Gravitational Radiation from a Mass Thrusted into a Black Hole}},
url = {http://ptp.ipap.jp/link?PTP/66/1627/},
volume = {66},
year = {1981}
}
@misc{Sidery2013,
author = {Sidery, Trevor and Gair, Jonathan R. and Mandel, Ilya},
title = {in preparation},
year = {2013}
}
@article{Soltan1982,
author = {So{\l}tan, A.},
journal = {MNRAS},
keywords = {ASTRONOMICAL MODELS,BLACK HOLES (ASTRONOMY),BOLOMETERS,GALACTIC EVOLUTION,GALACTIC NUCLEI,LUMINOSITY,MASS,QUASARS,RED SHIFT,SPECTROPHOTOMETRY,STELLAR MASS ACCRETION},
month = jul,
number = {1},
pages = {115--122},
title = {{Masses of quasars}},
url = {http://adsabs.harvard.edu/abs/1982MNRAS.200..115S},
volume = {200},
year = {1982}
}
@article{Tanaka1993,
author = {Tanaka, Takahiro and Shibata, Masaru and Sasaki, Misao and Tagoshi, Hideyuki and Nakamura, Takashi},
doi = {10.1143/PTP.90.65},
journal = {Prog.\ Theor.\ Phys.},
month = jul,
number = {1},
pages = {65--83},
title = {{Gravitational Wave Induced by a Particle Orbiting around a Schwarzschild Black Hole}},
url = {http://ptp.ipap.jp/cgi-bin/link?PTP/90/65/},
volume = {90},
year = {1993}
}
@article{Thim2004,
archivePrefix = {arXiv},
arxivId = {astro-ph/0401558},
author = {Thim, F. and Hoessel, J. G. and Saha, A. and Claver, J. and Dolphin, A. and Tammann, G. A.},
doi = {10.1086/382244},
eprint = {0401558},
journal = {AJ},
keywords = {Cosmology: Distance Scale,Galaxies: Individual: NGC Number: NGC 4395,Stars: Variables: Cepheids,Stars: Variables: Other},
month = apr,
number = {4},
pages = {2322--2343},
primaryClass = {astro-ph},
title = {{Cepheids and Long-Period Variables in NGC 4395}},
url = {http://adsabs.harvard.edu/abs/2004AJ....127.2322T},
volume = {127},
year = {2004}
}
@article{Tonry2001,
archivePrefix = {arXiv},
arxivId = {astro-ph/0011223},
author = {Tonry, John L. and Dressler, Alan and Blakeslee, John P. and Ajhar, Edward A. and Fletcher, Andre B. and Luppino, Gerard A. and Metzger, Mark R. and Moore, Christopher B.},
doi = {10.1086/318301},
eprint = {0011223},
issn = {0004-637X},
journal = {ApJ},
keywords = {Centaurus),Cosmology: Distance Scale,Cosmology: Large-Scale Structure of Universe,Galaxies: Distances and Redshifts,galaxies: clusters: individual (Virgo},
language = {en},
month = jan,
number = {2},
pages = {681--693},
primaryClass = {astro-ph},
title = {{The SBF Survey of Galaxy Distances. IV. SBF Magnitudes, Colors, and Distances}},
url = {http://adsabs.harvard.edu/abs/2001ApJ...546..681T},
volume = {546},
year = {2001}
}
@article{Tremaine2002,
author = {Tremaine, Scott and Gebhardt, Karl and Bender, Ralf and Bower, Gary and Dressler, Alan and Faber, S. M. and Filippenko, Alexei V. and Green, Richard and Grillmair, Carl and Ho, Luis C. and Kormendy, John and Lauer, Tod R. and Magorrian, John and Pinkney, Jason and Richstone, Douglas},
doi = {10.1086/341002},
journal = {ApJ},
month = aug,
number = {2},
pages = {740--753},
title = {{The Slope of the Black Hole Mass versus Velocity Dispersion Correlation}},
url = {http://stacks.iop.org/0004-637X/574/i=2/a=740},
volume = {574},
year = {2002}
}
@article{Verolme2002,
author = {Verolme, E. K. and Cappellari, M. and Copin, Y. and van der Marel, R. P. and Bacon, R. and Bureau, M. and Davies, R. L. and Miller, B. M. and de Zeeuw, P. T.},
doi = {10.1046/j.1365-8711.2002.05664.x},
journal = {MNRAS},
month = sep,
number = {3},
pages = {517--525},
title = {{A SAURON study of M32: measuring the intrinsic flattening and the central black hole mass}},
url = {http://doi.wiley.com/10.1046/j.1365-8711.2002.05664.x},
volume = {335},
year = {2002}
}
@article{Volonteri2005,
author = {Volonteri, Marta and Madau, Piero and Quataert, Eliot and Rees, Martin J.},
doi = {10.1086/426858},
journal = {ApJ},
keywords = {Black Hole Physics,Cosmology: Theory,Galaxies: Active,Galaxies: Nuclei,Galaxies: Quasars: General},
month = feb,
number = {1},
pages = {69--77},
title = {{The Distribution and Cosmic Evolution of Massive Black Hole Spins}},
url = {http://adsabs.harvard.edu/abs/2005ApJ...620...69V},
volume = {620},
year = {2005}
}
@article{Volonteri2010,
archivePrefix = {arXiv},
arxivId = {1003.4404},
author = {Volonteri, Marta},
doi = {10.1007/s00159-010-0029-x},
eprint = {1003.4404},
journal = {The Astronomy and Astrophysics Review},
keywords = {Physics and Astronomy},
month = apr,
number = {3},
pages = {279--315},
publisher = {Springer Berlin / Heidelberg},
title = {{Formation of supermassive black holes}},
url = {http://www.springerlink.com/content/ch3146041167p225/},
volume = {18},
year = {2010}
}
@unpublished{Volonteri2012a,
archivePrefix = {arXiv},
arxivId = {1210.1025},
author = {Volonteri, Marta and Sikora, Marek and Lasota, Jean-Pierre and Merloni, Andrea},
eprint = {1210.1025},
month = oct,
note = {arXiv:1210.1025 [astro-ph.HE]},
title = {{The evolution of active galactic nuclei and their spins}},
url = {http://arxiv.org/abs/1210.1025},
year = {2012}
}
@article{Walton2013,
archivePrefix = {arXiv},
arxivId = {1210.4593},
author = {Walton, D. J. and Nardini, E. and Fabian, A. C. and Gallo, L. C. and Reis, R. C.},
doi = {10.1093/mnras/sts227},
eprint = {1210.4593},
issn = {0035-8711},
journal = {MNRAS},
month = feb,
number = {4},
pages = {2901--2920},
title = {{Suzaku observations of 'bare' active galactic nuclei}},
url = {http://mnras.oxfordjournals.org/cgi/doi/10.1093/mnras/sts227},
volume = {428},
year = {2013}
}
@article{Weinberg2012,
archivePrefix = {arXiv},
arxivId = {0911.1777},
author = {Weinberg, Martin D.},
doi = {10.1214/12-BA725},
eprint = {0911.1777},
journal = {Bayesian Analysis},
month = sep,
number = {3},
pages = {737--770},
title = {{Computing the Bayes Factor from a Markov Chain Monte Carlo Simulation of the Posterior Distribution}},
url = {http://projecteuclid.org/euclid.ba/1346158782},
volume = {7},
year = {2012}
}
@article{Yu2002,
author = {Yu, Qingjuan and Tremaine, Scott},
doi = {10.1046/j.1365-8711.2002.05532.x},
journal = {MNRAS},
keywords = {black hole physics,cosmology: miscellaneous,galaxies: active,galaxies: evolution,galaxies: nuclei,quasars: general},
month = oct,
number = {4},
pages = {965--976},
title = {{Observational constraints on growth of massive black holes}},
url = {http://adsabs.harvard.edu/abs/2002MNRAS.335..965Y},
volume = {335},
year = {2002}
}
@article{Yunes2008,
archivePrefix = {arXiv},
arxivId = {0704.2612},
author = {Yunes, Nicol\'{a}s Nicol{\'a}s and Sopuerta, Carlos F. and Rubbo, Louis J. and Holley-Bockelmann, Kelly},
doi = {10.1086/525839},
eprint = {0704.2612},
journal = {ApJ},
keywords = {Astrophysics,General Relativity and Quantum Cosmology},
month = mar,
number = {1},
pages = {604--613},
title = {{Relativistic Effects in Extreme Mass Ratio Gravitational Wave Bursts}},
url = {http://iopscience.iop.org/0004-637X/675/1/604 http://arxiv.org/abs/0704.2612},
volume = {675},
year = {2008}
}