@article{Alexander2009,
author = {Alexander, Tal and Hopman, Clovis},
doi = {10.1088/0004-637X/697/2/1861},
journal = {ApJ},
month = jun,
number = {2},
pages = {1861--1869},
title = {{Strong Mass Segregation Around A Massive Black Hole}},
url = {http://stacks.iop.org/0004-637X/697/i=2/a=1861},
volume = {697},
year = {2009}
}
@article{Amaro-Seoane2007,
author = {Amaro-Seoane, Pau and Gair, Jonathan R and Freitag, Marc and Miller, M Coleman and Mandel, Ilya and Cutler, Curt J and Babak, Stanislav},
doi = {10.1088/0264-9381/24/17/R01},
journal = {Classical Quant.\ Grav.},
month = sep,
number = {17},
pages = {R113--R169},
title = {{Intermediate and extreme mass-ratio inspirals—astrophysics, science applications and detection using LISA}},
url = {http://stacks.iop.org/0264-9381/24/i=17/a=R01},
volume = {24},
year = {2007}
}
@article{Amaro-Seoane2011d,
archivePrefix = {arXiv},
arxivId = {1010.5781},
author = {Amaro-Seoane, Pau and Preto, Miguel},
doi = {10.1088/0264-9381/28/9/094017},
eprint = {1010.5781},
journal = {Classical and Quant.\ Grav.},
keywords = {Cosmology and Extragalactic Astrophysics,Galaxy Astrophysics,General Relativity and Quantum Cosmology},
month = may,
number = {9},
pages = {094017},
title = {{The impact of realistic models of mass segregation on the event rate of extreme-mass ratio inspirals and cusp re-growth}},
url = {http://stacks.iop.org/0264-9381/28/i=9/a=094017?key=crossref.6a6a6a4b68e42f25dc1980d0f25d48cb},
volume = {28},
year = {2011}
}
@unpublished{Amaro-Seoane2012,
archivePrefix = {arXiv},
arxivId = {1201.3621},
author = {Amaro-Seoane, Pau and Aoudia, Sofiane and Babak, Stanislav and Bin\'{e}truy, Pierre and Berti, Emanuele and Boh\'{e}, Alejandro and Caprini, Chiara and Colpi, Monica and Cornish, Neil J. and Danzmann, Karsten and Dufaux, Jean-Fran\c{c}ois and Gair, Jonathan and Jennrich, Oliver and Jetzer, Philippe and Klein, Antoine and Lang, Ryan N. and Lobo, Alberto and Littenberg, Tyson and McWilliams, Sean T. and Nelemans, Gijs and Petiteau, Antoine and Porter, Edward K. and Schutz, Bernard F. and Sesana, Alberto and Stebbins, Robin and Sumner, Tim and Vallisneri, Michele and Vitale, Stefano and Volonteri, Marta and Ward, Henry},
eprint = {1201.3621},
keywords = {Cosmology and Extragalactic Astrophysics,Galaxy Astrophysics,General Relativity and Quantum Cosmology},
month = jan,
note = {arXiv:1201.3621 [astro-ph.CO]},
title = {{eLISA: Astrophysics and cosmology in the millihertz regime}},
url = {http://arxiv.org/abs/1201.3621},
year = {2012}
}
@article{Amaro-Seoane2012a,
archivePrefix = {arXiv},
arxivId = {1202.0839},
authors = {Amaro-Seoane, Pau and Aoudia, Sofiane and Babak, Stanislav and Binetruy, Pierre and Berti, Emanuele and Bohe, Alejandro},
author = {Amaro-Seoane, Pau and Aoudia, Sofiane and Babak, Stanislav and Binetruy, Pierre and Berti, Emanuele and Bohe, Alejandro and Caprini, Chiara and Colpi, Monica and Cornish, Neil J. and Danzmann, Karsten and Dufaux, Jean-Francois and Gair, Jonathan and Jennrich, Oliver and Jetzer, Philippe and Klein, Antoine and Lang, Ryan N. and Lobo, Alberto and Littenberg, Tyson and McWilliams, Sean T. and Nelemans, Gijs and Petiteau, Antoine and Porter, Edward K. and Schutz, Bernard F. and Sesana, Alberto and Stebbins, Robin and Sumner, Tim and Vallisneri, Michele and Vitale, Stefano and Volonteri, Marta and Ward, Henry},
doi = {10.1088/0264-9381/29/12/124016},
eprint = {1202.0839},
journal = {Classical Quant.\ Grav.},
month = jun,
number = {12},
pages = {124016},
title = {{Low-frequency gravitational-wave science with eLISA/NGO}},
url = {http://stacks.iop.org/0264-9381/29/i=12/a=124016?key=crossref.4e517133c72b0340ee27d32c5ee1c2e2},
volume = {29},
year = {2012}
}
@unpublished{Amaro-Seoane2012c,
archivePrefix = {arXiv},
arxivId = {1205.5240},
author = {Amaro-Seoane, Pau},
eprint = {1205.5240},
month = may,
note = {arXiv:1205.5240 [astro-ph.CO]},
pages = {160},
title = {{Stellar dynamics and extreme-mass ratio inspirals}},
url = {http://arxiv.org/abs/1205.5240},
year = {2012}
}
@article{Andrieu2008,
author = {Andrieu, Christophe and Thoms, Johannes},
doi = {10.1007/s11222-008-9110-y},
issn = {0960-3174},
journal = {Statistics and Computing},
month = dec,
number = {4},
pages = {343--373},
title = {{A tutorial on adaptive MCMC}},
url = {http://www.springerlink.com/index/10.1007/s11222-008-9110-y},
volume = {18},
year = {2008}
}
@article{Bahcall1977,
author = {Bahcall, J. N. and Wolf, R. A.},
doi = {10.1086/155534},
journal = {ApJ},
month = sep,
number = {1},
pages = {883--907},
title = {{The star distribution around a massive black hole in a globular cluster. II Unequal star masses}},
url = {http://adsabs.harvard.edu/abs/1977ApJ...216..883B},
volume = {216},
year = {1977}
}
@article{Babak2007,
arxivId = {gr-qc/0607007},
author = {Babak, Stanislav and Fang, Hua and Gair, Jonathan and Glampedakis, Kostas and Hughes, Scott},
doi = {10.1103/PhysRevD.75.024005},
journal = {Phys.\ Rev.\ D},
keywords = {Astrophysics,General Relativity and Quantum Cosmology},
month = jan,
number = {2},
pages = {024005},
title = {{``Kludge'' gravitational waveforms for a test-body orbiting a Kerr black hole}},
url = {http://arxiv.org/abs/gr-qc/0607007},
volume = {75},
year = {2007}
}
@article{Backer1999,
author = {Backer, D. C. and Sramek, R. A.},
doi = {10.1086/307857},
journal = {ApJ},
month = oct,
number = {2},
pages = {805--815},
title = {{Proper Motion of the Compact, Nonthermal Radio Source in the Galactic Center, Sagittarius A*}},
url = {http://stacks.iop.org/0004-637X/524/i=2/a=805},
volume = {524},
year = {1999}
}
@article{Barack2004,
arxivId = {gr-qc/0310125},
author = {Barack, Leor and Cutler, Curt},
doi = {10.1103/PhysRevD.69.082005},
journal = {Phys.\ Rev.\ D},
keywords = {Astrophysics,General Relativity and Quantum Cosmology},
month = apr,
number = {8},
pages = {082005},
title = {{LISA capture sources: Approximate waveforms, signal-to-noise ratios, and parameter estimation accuracy}},
url = {http://arxiv.org/abs/gr-qc/0310125},
volume = {69},
year = {2004}
}
@article{Barack2009,
archivePrefix = {arXiv},
arxivId = {0908.1664},
author = {Barack, Leor},
doi = {10.1088/0264-9381/26/21/213001},
eprint = {0908.1664},
journal = {Classical Quant.\ Grav.},
month = nov,
number = {21},
pages = {213001},
title = {{Gravitational self-force in extreme mass-ratio inspirals}},
url = {http://adsabs.harvard.edu/abs/2009CQGra..26u3001B},
volume = {26},
year = {2009}
}
@article{Bedard2007,
author = {B{\'e}dard, Myl{\`e}ne},
journal = {The Annals of Applied Probability},
keywords = {Markov chain Monte Carlo,Metropolis algorithm,diffusion,optimal scaling,weak convergence},
language = {EN},
month = aug,
number = {4},
pages = {1222--1244},
title = {{Weak convergence of Metropolis algorithms for non-i.i.d. target distributions}},
url = {http://projecteuclid.org/euclid.aoap/1186755238},
volume = {17},
year = {2007}
}
@article{Bedard2008,
author = {B{\'e}dard, Myl{\`e}ne},
doi = {10.1016/j.spa.2007.12.005},
issn = {03044149},
journal = {Stochastic Processes and their Applications},
keywords = {primary, 60f05,secondary, 65c40},
month = dec,
number = {12},
pages = {2198--2222},
title = {{Optimal acceptance rates for Metropolis algorithms: Moving beyond 0.234}},
url = {http://dx.doi.org/10.1016/j.spa.2007.12.005},
volume = {118},
year = {2008}
}
@article{Bedard2008a,
author = {B{\'e}dard, Myl{\`e}ne},
doi = {10.1198/108571108X319970},
journal = {Journal of Computational and Graphical Statistics},
month = jun,
number = {2},
pages = {312--332},
publisher = {Taylor \& Francis},
title = {{Efficient Sampling Using Metropolis Algorithms: Applications of Optimal Scaling Results}},
url = {http://dx.doi.org/10.1198/108571108X319970},
volume = {17},
year = {2008}
}
@article{Bekenstein1973,
author = {Bekenstein, Jacob D.},
doi = {10.1086/152255},
journal = {ApJ},
month = jul,
number = {2},
pages = {657--664},
title = {{Gravitational-Radiation Recoil and Runaway Black Holes}},
url = {http://adsabs.harvard.edu/doi/10.1086/152255},
volume = {183},
year = {1973}
}
@article{Belanger2006,
author = {B{\'e}langer, G and Terrier, R and de Jager, O C and Goldwurm, A and Melia, F},
doi = {10.1088/1742-6596/54/1/066},
journal = {Journal of Physics: Conference Series},
month = dec,
number = {1},
pages = {420--426},
title = {{Periodic Modulations in an X-ray Flare from Sagittarius A*}},
url = {http://stacks.iop.org/1742-6596/54/i=1/a=066},
volume = {54},
year = {2006}
}
@techreport{Bender1998,
address = {Garching},
authors = {Bender, P. and Brillet, A. and Ciufolini, I. and Cruise, A. M. and Cutler, C. and Danzmann, K.},
author = {Bender, P. and Brillet, A. and Ciufolini, I. and Cruise, A. M. and Cutler, C. and Danzmann, K. and Fidecaro, F. and Folkner, W. M. and Hough, J. and McNamara, P. and Peterseim, M. and Robertson, D. and Rodrigues, M. and R\"{u}diger, A. and Sandford, M. and Sch\"{a}fer, G. and Schilling, R. and Schutz, B. and Speake, C. and Stebbins, R. T. and Sumner, T. and Touboul, P. and Vinet, {J.-Y.} and Vitale, S. and Ward, H. and Winkler, W.},
edition = {Second},
institution = {Max-Planck-Institut f\"{u}r Quantenoptik},
title = {{LISA Pre-Phase A Report}},
year = {1998}
}
@article{Bender2005,
author = {Bender, Ralf and Kormendy, John and Bower, Gary and Green, Richard and Thomas, Jens and Danks, Anthony C. and Gull, Theodore and Hutchings, J. B. and Joseph, C. L. and Kaiser, M. E. and Lauer, Tod R. and Nelson, Charles H. and Richstone, Douglas and Weistrop, Donna and Woodgate, Bruce},
doi = {10.1086/432434},
journal = {ApJ},
month = sep,
number = {1},
pages = {280--300},
title = {{HST STIS Spectroscopy of the Triple Nucleus of M31: Two Nested Disks in Keplerian Rotation around a Supermassive Black Hole}},
url = {http://iopscience.iop.org/0004-637X/631/1/280},
volume = {631},
year = {2005}
}
@article{Berry2010,
author = {Berry, Christopher P. L. and Gair, Jonathan R.},
doi = {10.1103/PhysRevD.82.107501},
journal = {Phys.\ Rev.\ D},
month = nov,
number = {10},
pages = {107501},
title = {{Gravitational wave energy spectrum of a parabolic encounter}},
url = {http://prd.aps.org/abstract/PRD/v82/i10/e107501},
volume = {82},
year = {2010}
}
@article{Berti2007,
author = {Berti, Emanuele and Cardoso, Vitor and Gonzalez, Jos{\'e} A. and Sperhake, Ulrich and Hannam, Mark and Husa, Sascha and Br{\"u}gmann, Bernd},
doi = {10.1103/PhysRevD.76.064034},
journal = {Phys.\ Rev.\ D},
month = sep,
number = {6},
pages = {064034},
title = {{Inspiral, merger, and ringdown of unequal mass black hole binaries: A multipolar analysis}},
url = {http://prd.aps.org/abstract/PRD/v76/i6/e064034},
volume = {76},
year = {2007}
}
@article{Berti2008,
author = {Berti, Emanuele and Volonteri, Marta},
doi = {10.1086/590379},
journal = {ApJ},
keywords = {Black Hole Physics,Cosmology: Theory,Galaxies: Evolution,Gravitational Waves},
month = sep,
number = {2},
pages = {822--828},
title = {{Cosmological Black Hole Spin Evolution by Mergers and Accretion}},
url = {http://adsabs.harvard.edu/abs/2008ApJ...684..822B},
volume = {684},
year = {2008}
}
@article{Boyer1967,
author = {Boyer, R. H. and Lindquist, R. W.},
doi = {10.1063/1.1705193},
journal = {Journal of Mathematical Physics},
month = feb,
number = {2},
pages = {265--281},
title = {{Maximal Analytic Extension of the Kerr Metric}},
url = {http://jmp.aip.org/jmapaq/v8/i2/p265_s1},
volume = {8},
year = {1967}
}
@article{Brenneman2006,
author = {Brenneman, Laura W. and Reynolds, Christopher S.},
doi = {10.1086/508146},
journal = {ApJ},
keywords = {Accretion,Accretion Disks,Black Hole Physics,Galaxies: Individual: Alphanumeric: MCG -6-30-15,Galaxies: Nuclei,Galaxies: Seyfert,X-Rays: Galaxies},
month = dec,
number = {2},
pages = {1028--1043},
title = {{Constraining Black Hole Spin via X-Ray Spectroscopy}},
url = {http://adsabs.harvard.edu/abs/2006ApJ...652.1028B},
volume = {652},
year = {2006}
}
@article{Burko2007,
arxivId = {gr-qc/0609002},
author = {Burko, L. M and Khanna, G},
doi = {10.1209/0295-5075/78/60005},
journal = {EPL},
keywords = {General Relativity and Quantum Cosmology},
month = jun,
number = {6},
pages = {60005},
title = {{Accurate time-domain gravitational waveforms for extreme-mass-ratio binaries}},
url = {http://arxiv.org/abs/gr-qc/0609002},
volume = {78},
year = {2007}
}
@article{Carter1968,
author = {Carter, Brandon},
doi = {10.1103/PhysRev.174.1559},
journal = {Phys.\ Rev.},
month = oct,
number = {5},
pages = {1559--1571},
title = {{Global Structure of the Kerr Family of Gravitational Fields}},
url = {http://prola.aps.org/abstract/PR/v174/i5/p1559_1},
volume = {174},
year = {1968}
}
@article{Carter1971,
author = {Carter, B.},
doi = {10.1103/PhysRevLett.26.331},
journal = {Phys.\ Rev.\ Lett.},
month = feb,
number = {6},
pages = {331--333},
title = {{Axisymmetric Black Hole Has Only Two Degrees of Freedom}},
url = {http://prl.aps.org/abstract/PRL/v26/i6/p331_1},
volume = {26},
year = {1971}
}
@article{Chabrier2000,
author = {Chabrier, Gilles and Baraffe, Isabelle},
doi = {10.1146/annurev.astro.38.1.337},
journal = {ARA\&A},
keywords = {BROWN DWARFS,GALAXY: STELLAR CONTENT,MASS FUNCTION,STARS: CATACLYSMIC VARIABLES,STARS: FUNDAMENTAL PARAMETERS,STARS: LOW MASS,STARS: LUMINOSITY FUNCTION,STARS: PLANETARY SYSTEMS},
month = sep,
number = {1},
pages = {337--377},
title = {{Theory of Low-Mass Stars and Substellar Objects}},
url = {http://adsabs.harvard.edu/abs/2000ARA&amp;A..38..337C http://www.annualreviews.org/doi/abs/10.1146/annurev.astro.38.1.337},
volume = {38},
year = {2000}
}
@book{Chandrasekhar1998,
address = {Oxford},
author = {Chandrasekhar, S.},
isbn = {0-19-850370-9},
publisher = {Oxford University Press},
series = {Oxford Classic Texts in the Physical Sciences},
title = {{The Mathematical Theory of Black Holes}},
year = {1998}
}
@article{Cutler1994,
author = {Cutler, Curt and Flanagan, \'{E}anna E.},
doi = {10.1103/PhysRevD.49.2658},
journal = {Phys.\ Rev.\ D},
month = mar,
number = {6},
pages = {2658--2697},
title = {{Gravitational waves from merging compact binaries: How accurately can one extract the binaryâ€™s parameters from the inspiral waveform?}},
url = {http://prd.aps.org/abstract/PRD/v49/i6/p2658_1},
volume = {49},
year = {1994}
}
@article{Cutler1998,
author = {Cutler, Curt},
doi = {10.1103/PhysRevD.57.7089},
journal = {Phys.\ Rev.\ D},
month = jun,
number = {12},
pages = {7089--7102},
title = {{Angular resolution of the LISA gravitational wave detector}},
url = {http://prd.aps.org/abstract/PRD/v57/i12/p7089_1},
volume = {57},
year = {1998}
}
@article{Damour2000,
author = {Damour, Thibault and Iyer, Bala R. and Sathyaprakash, B. S.},
doi = {10.1103/PhysRevD.62.084036},
journal = {Phys.\ Rev.\ D},
month = sep,
number = {8},
pages = {084036},
publisher = {American Physical Society},
shorttitle = {Phys. Rev. D},
title = {{Frequency-domain P-approximant filters for time-truncated inspiral gravitational wave signals from compact binaries}},
url = {http://link.aps.org/doi/10.1103/PhysRevD.62.084036},
volume = {62},
year = {2000}
}
@article{Danzmann2003,
author = {Danzmann, Karsten and R\"{u}diger, Albrecht},
doi = {10.1088/0264-9381/20/10/301},
journal = {Classical Quant.\ Grav.},
month = may,
number = {10},
pages = {S1--S9},
title = {{LISA technology concept, status, prospects}},
url = {http://stacks.iop.org/0264-9381/20/i=10/a=301},
volume = {20},
year = {2003}
}
@article{DeFelice1980,
author = {de Felice, F.},
doi = {10.1088/0305-4470/13/5/027},
journal = {Journal of Physics A},
number = {5},
pages = {1701--1708},
title = {{Angular momentum and separation constant in the Kerr metric }},
url = {http://iopscience.iop.org/0305-4470/13/5/027/},
volume = {13},
year = {1980}
}
@article{delaCallePerez2010,
author = {{{de la Calle P{\'e}rez}}, I. and Longinotti, A. L. and Guainazzi, M. and Bianchi, S. and Dov\v{c}iak, M. and Cappi, M. and Matt, G. and Miniutti, G. and Petrucci, P. O. and Piconcelli, E. and Ponti, G. and Porquet, D. and Santos-Lle{\'o}, M.},
doi = {10.1051/0004-6361/200913798},
journal = {A\&A},
month = nov,
pages = {A50},
title = {{FERO: Finding extreme relativistic objects}},
url = {http://www.aanda.org/index.php?option=com_article&access=doi&doi=10.1051/0004-6361/200913798&Itemid=129},
volume = {524},
year = {2010}
}
@article{Doeleman2008,
arxivId = {0809.2442},
authors = {Doeleman, Sheperd S and Weintroub, Jonathan and Rogers, Alan E E and Plambeck, Richard and Freund, Robert},
author = {Doeleman, Sheperd S and Weintroub, Jonathan and Rogers, Alan E E and Plambeck, Richard and Freund, Robert and Tilanus, Remo P J and Friberg, Per and Ziurys, Lucy M and Moran, James M and Corey, Brian and Young, Ken H and Smythe, Daniel L and Titus, Michael and Marrone, Daniel P and Cappallo, Roger J and Bock, Douglas C-J and Bower, Geoffrey C and Chamberlin, Richard and Davis, Gary R and Krichbaum, Thomas P and Lamb, James and Maness, Holly and Niell, Arthur E and Roy, Alan and Strittmatter, Peter and Werthimer, Daniel and Whitney, Alan R and Woody, David},
doi = {10.1038/nature07245},
journal = {Nat},
keywords = {Astrophysics},
month = sep,
number = {7209},
pages = {78--80},
pmid = {18769434},
title = {{Event-horizon-scale structure in the supermassive black hole candidate at the Galactic Centre.}},
url = {http://arxiv.org/abs/0809.2442},
volume = {455},
year = {2008}
}
@article{Drasco2004,
arxivId = {astro-ph/0308479},
author = {Drasco, Steve and Hughes, Scott},
doi = {10.1103/PhysRevD.69.044015},
journal = {Phys.\ Rev.\ D},
keywords = {Astrophysics,General Relativity and Quantum Cosmology},
month = feb,
number = {4},
pages = {044015},
title = {{Rotating black hole orbit functionals in the frequency domain}},
url = {http://arxiv.org/abs/astro-ph/0308479},
volume = {69},
year = {2004}
}
@article{Ferrarese2000,
author = {Ferrarese, Laura and Merritt, David},
doi = {10.1086/312838},
journal = {ApJ},
month = aug,
number = {1},
pages = {L9--L12},
title = {{A Fundamental Relation between Supermassive Black Holes and Their Host Galaxies}},
url = {http://stacks.iop.org/1538-4357/539/i=1/a=L9},
volume = {539},
year = {2000}
}
@article{Finn1992,
author = {Finn, Lee S.},
doi = {10.1103/PhysRevD.46.5236},
journal = {Phys.\ Rev.\ D},
month = dec,
number = {12},
pages = {5236--5249},
title = {{Detection, measurement, and gravitational radiation}},
url = {http://prd.aps.org/abstract/PRD/v46/i12/p5236_1},
volume = {46},
year = {1992}
}
@article{Freitag2003,
archivePrefix = {arXiv},
arxivId = {astro-ph/0211209},
author = {Freitag, Marc},
doi = {10.1086/367813},
eprint = {0211209},
journal = {ApJ},
month = jan,
number = {1},
pages = {L21--L24},
primaryClass = {astro-ph},
title = {{Gravitational Waves from Stars Orbiting the Sagittarius A* Black Hole}},
url = {http://stacks.iop.org/1538-4357/583/i=1/a=L21},
volume = {583},
year = {2003}
}
@article{Foschini2004,
archivePrefix = {arXiv},
arxivId = {astro-ph/0312118},
author = {Foschini, L. and Rodriguez, J. and Fuchs, Y. and Ho, L. C. and Dadina, M. and {Di Cocco}, G. and Courvoisier, T. J.-L. and Malaguti, G.},
doi = {10.1051/0004-6361:20034303},
eprint = {0312118},
journal = {Astronomy and Astrophysics},
month = mar,
number = {2},
pages = {529--536},
primaryClass = {astro-ph},
title = {{XMM-Newton observations of the ultraluminous nuclear X-ray source in
M33}},
url = {http://arxiv.org/abs/astro-ph/0312118},
volume = {416},
year = {2004}
}
@article{Gammie2004,
author = {Gammie, Charles F. and Shapiro, Stuart L. and McKinney, Jonathan C.},
doi = {10.1086/380996},
journal = {ApJ},
keywords = {Accretion,Accretion Disks,Black Hole Physics,Magnetohydrodynamics: MHD,Methods: Numerical},
month = feb,
number = {1},
pages = {312--319},
title = {{Black Hole Spin Evolution}},
url = {http://adsabs.harvard.edu/abs/2004ApJ...602..312G},
volume = {602},
year = {2004}
}
@article{Gair2005,
arxivId = {gr-qc/0508049},
author = {Gair, Jonathan R. and Kennefick, Daniel J. and Larson, Shane L.},
doi = {10.1103/PhysRevD.72.084009},
journal = {Phys.\ Rev.\ D},
keywords = {General Relativity and Quantum Cosmology},
month = oct,
number = {8},
pages = {084009},
title = {{Semirelativistic approximation to gravitational radiation from encounters with nonspinning black holes}},
url = {http://arxiv.org/abs/gr-qc/0508049},
volume = {72},
year = {2005}
}
@article{Gebhardt2000,
author = {Gebhardt, Karl and Bender, Ralf and Bower, Gary and Dressler, Alan and Faber, S. M. and Filippenko, Alexei V. and Green, Richard and Grillmair, Carl and Ho, Luis C. and Kormendy, John and Lauer, Tod R. and Magorrian, John and Pinkney, Jason and Richstone, Douglas and Tremaine, Scott},
doi = {10.1086/312840},
journal = {ApJ},
month = aug,
number = {1},
pages = {L13--L16},
title = {{A Relationship between Nuclear Black Hole Mass and Galaxy Velocity Dispersion}},
url = {http://stacks.iop.org/1538-4357/539/i=1/a=L13},
volume = {539},
year = {2000}
}
@article{Gebhardt2001,
archivePrefix = {arXiv},
arxivId = {astro-ph/0107135},
author = {Gebhardt, Karl and Lauer, Tod R. and Kormendy, John and Pinkney, Jason and Bower, Gary A. and Green, Richard and Gull, Theodore and Hutchings, J. B. and Kaiser, M. E. and Nelson, Charles H. and Richstone, Douglas and Weistrop, Donna},
doi = {10.1086/323481},
eprint = {0107135},
journal = {AJ},
month = nov,
number = {5},
pages = {2469--2476},
primaryClass = {astro-ph},
title = {{M33: A Galaxy with No Supermassive Black Hole}},
url = {http://stacks.iop.org/1538-3881/122/i=5/a=2469},
volume = {122},
year = {2001}
}
@inproceedings{Gelman1996,
address = {Oxford},
author = {Gelman, A. and Roberts, G. O. and Gilks, W. R.},
booktitle = {Bayesian Statistics},
editor = {Bernardo, J. M. and Berger, J. O. and Dawid, A. P. and Smith, A. F. M.},
pages = {599--607},
publisher = {Oxford University Press},
series = {Valencia International Meeting},
title = {{Efficient Metropolis jumping Rules}},
year = {1996}
}
@article{Genzel2003a,
author = {Genzel, R and Sch{\"o}del, R and Ott, T and Eckart, A and Alexander, T and Lacombe, F and Rouan, D and Aschenbach, B},
doi = {10.1038/nature02065},
journal = {Nat},
month = oct,
number = {6961},
pages = {934--937},
pmid = {14586462},
shorttitle = {Nature},
title = {{Near-infrared flares from accreting gas around the supermassive black hole at the Galactic Centre.}},
url = {http://dx.doi.org/10.1038/nature02065},
volume = {425},
year = {2003}
}
@article{Ghez2008,
author = {Ghez, A. M. and Salim, S. and Weinberg, N. N. and Lu, J. R. and Do, T. and Dunn, J. K. and Matthews, K. and Morris, M. R. and Yelda, S. and Becklin, E. E. and Kremenek, T. and Milosavljevic, M. and Naiman, J.},
doi = {10.1086/592738},
journal = {ApJ},
month = dec,
number = {2},
pages = {1044--1062},
title = {{Measuring Distance and Properties of the Milky Way's Central Supermassive Black Hole with Stellar Orbits}},
url = {http://stacks.iop.org/0004-637X/689/i=2/a=1044},
volume = {689},
year = {2008}
}
@article{Gillessen2009,
arxivId = {0810.4674},
author = {Gillessen, S. and Eisenhauer, F. and Trippe, S. and Alexander, T. and Genzel, R. and Martins, F. and Ott, T.},
doi = {10.1088/0004-637X/692/2/1075},
journal = {ApJ},
keywords = {Astrophysics},
month = feb,
number = {2},
pages = {1075--1109},
title = {{Monitoring stellar orbits around the Massive Black Hole in the Galactic Center}},
url = {http://arxiv.org/abs/0810.4674},
volume = {692},
year = {2009}
}
@article{Glampedakis2002,
archivePrefix = {arXiv},
arxivId = {gr-qc/0205033},
author = {Glampedakis, Kostas and Hughes, Scott and Kennefick, Daniel},
doi = {10.1103/PhysRevD.66.064005},
eprint = {0205033},
journal = {Phys.\ Rev.\ D},
keywords = {Astrophysics,General Relativity and Quantum Cosmology},
month = sep,
number = {6},
pages = {064005},
primaryClass = {gr-qc},
title = {{Approximating the inspiral of test bodies into Kerr black holes}},
url = {http://arxiv.org/abs/gr-qc/0205033},
volume = {66},
year = {2002}
}
@article{Glampedakis2002a,
author = {Glampedakis, Kostas and Kennefick, Daniel},
doi = {10.1103/PhysRevD.66.044002},
journal = {Phys.\ Rev.\ D},
month = aug,
number = {4},
pages = {044002},
publisher = {American Physical Society},
shorttitle = {Phys. Rev. D},
title = {{Zoom and whirl: Eccentric equatorial orbits around spinning black holes and their evolution under gravitational radiation reaction}},
url = {http://link.aps.org/doi/10.1103/PhysRevD.66.044002},
volume = {66},
year = {2002}
}
@article{Glampedakis2005,
author = {Glampedakis, Kostas},
doi = {10.1088/0264-9381/22/15/004},
journal = {Classical Quant.\ Grav.},
month = aug,
number = {15},
pages = {S605--S659},
title = {{Extreme mass ratio inspirals: LISA's unique probe of black hole gravity}},
url = {http://adsabs.harvard.edu/abs/2005CQGra..22S.605G},
volume = {22},
year = {2005}
}
@article{Gonzalez2007,
author = {Gonz{\'a}lez, Jos{\'e} A. and Sperhake, Ulrich and Br{\"u}gmann, Bernd and Hannam, Mark and Husa, Sascha},
doi = {10.1103/PhysRevLett.98.091101},
journal = {Phys.\ Rev.\ Lett.},
month = feb,
number = {9},
pages = {091101},
title = {{Maximum Kick from Nonspinning Black-Hole Binary Inspiral}},
url = {http://prl.aps.org/abstract/PRL/v98/i9/e091101},
volume = {98},
year = {2007}
}
@article{Graham2001,
author = {Graham, Alister W. and Erwin, Peter and Caon, N. and Trujillo, I.},
doi = {10.1086/338500},
journal = {ApJ},
keywords = {Black Hole Physics,Galaxies: Fundamental Parameters,Galaxies: Kinematics and Dynamics,Galaxies: Nuclei,Galaxies: Photometry,Galaxies: Structure},
month = dec,
number = {1},
pages = {L11--L14},
title = {{A Correlation between Galaxy Light Concentration and Supermassive Black Hole Mass}},
url = {http://adsabs.harvard.edu/abs/2001ApJ...563L..11G},
volume = {563},
year = {2001}
}
@article{Graham2007,
author = {Graham, Alister W.},
doi = {10.1111/j.1365-2966.2007.11950.x},
journal = {MNRAS},
keywords = {black hole physics,galaxies: bulges,galaxies: photometry},
month = aug,
number = {2},
pages = {711--722},
title = {{The black hole mass - spheroid luminosity relation}},
url = {http://adsabs.harvard.edu/abs/2007MNRAS.379..711G},
volume = {379},
year = {2007}
}
@article{Graham2011,
author = {Graham, Alister W. and Onken, Christopher A. and Athanassoula, E. and Combes, F.},
doi = {10.1111/j.1365-2966.2010.18045.x},
journal = {MNRAS},
keywords = {black hole physics,catalogues,galaxies: Seyfert,galaxies: active,galaxies: nuclei,quasars: general},
month = apr,
number = {4},
pages = {2211--2228},
title = {{An expanded $M_\mathrm{bh}$-$\sigma$ diagram, and a new calibration of active galactic nuclei masses}},
url = {http://adsabs.harvard.edu/abs/2011MNRAS.412.2211G},
volume = {412},
year = {2011}
}
@article{Green2011,
archivePrefix = {arXiv},
arxivId = {1108.5083},
author = {Green, D. A.},
eprint = {1108.5083},
journal = {Bulletin of the Astromical Society of India},
keywords = {methods: data analysis,methods: miscellaneous},
month = jun,
number = {2},
pages = {289--295},
title = {{A colour scheme for the display of astronomical intensity images}},
url = {http://adsabs.harvard.edu/abs/2011BASI...39..289G},
volume = {39},
year = {2011}
}
@article{Haario1999,
author = {Haario, Heikki and Saksman, Eero and Tamminen, Johanna},
doi = {10.1007/s001800050022},
institution = {University of Helsinki, Finland},
journal = {Computational Statistics},
number = {3},
pages = {375},
title = {{Adaptive proposal distribution for random walk Metropolis algorithm}},
url = {http://www.springerlink.com/index/10.1007/s001800050022},
volume = {14},
year = {1999}
}
@article{Haario2001,
author = {Haario, Heikki and Saksman, Eero and Tamminen, Johanna},
journal = {Bernoulli},
month = apr,
number = {2},
pages = {223--242},
title = {{An adaptive Metropolis algorithm}},
url = {http://www.jstor.org/stable/3318737},
volume = {7},
year = {2001}
}
@inbook{Haiman2004,
address = {Dordrecht},
archivePrefix = {arXiv},
arxivId = {astro-ph/0403225},
author = {Haiman, Zoltan and Quataert, Eliot},
booktitle = {Supermassive Black Holes in the Distant universe},
chapter = {5},
editor = {Barger, Amy J.},
eprint = {0403225},
keywords = {Astrophysics},
month = mar,
pages = {147--186},
primaryClass = {astro-ph},
publisher = {Kluwer Academic Publishers},
series = {Astrophysics and Space Science Library},
title = {{The Formation and Evolution of the First Massive Black Holes}},
url = {http://arxiv.org/abs/astro-ph/0403225},
year = {2004}
}
@article{Hamaus2009,
author = {Hamaus, N. and Paumard, T. and M{\"u}ller, T. and Gillessen, S. and Eisenhauer, F. and Trippe, S. and Genzel, R.},
doi = {10.1088/0004-637X/692/1/902},
journal = {ApJ},
month = feb,
number = {1},
pages = {902--916},
title = {{Prospects for Testing the Nature of Sgr A*'s Near-Infrared Flares on the Basis of Current Very Large Telescope---and Future Very Large Telescope Interferometer---Observations}},
url = {http://iopscience.iop.org/0004-637X/692/1/902},
volume = {692},
year = {2009}
}
@article{Haring2004,
author = {H{\"a}ring, Nadine and Rix, Hans-Walter},
doi = {10.1086/383567},
journal = {ApJ},
month = apr,
number = {2},
pages = {L89--L92},
title = {{On the Black Hole Mass-Bulge Mass Relation}},
url = {http://stacks.iop.org/1538-4357/604/i=2/a=L89},
volume = {604},
year = {2004}
}
@article{Harris1978,
author = {Harris, F.J.},
journal = {Proceedings of the IEEE},
month = jan,
number = {1},
pages = {51--83},
title = {{On the use of windows for harmonic analysis with the discrete Fourier transform}},
url = {http://ieeexplore.ieee.org/xpls/abs_all.jsp?arnumber=1455106},
volume = {66},
year = {1978}
}
@article{Hastings1970,
author = {Hastings, W. K.},
doi = {10.1093/biomet/57.1.97},
journal = {Biometrika},
month = apr,
number = {1},
pages = {97--109},
title = {{Monte Carlo sampling methods using Markov chains and their applications}},
url = {http://biomet.oxfordjournals.org/cgi/doi/10.1093/biomet/57.1.97},
volume = {57},
year = {1970}
}
@article{Hawking1972,
author = {Hawking, S. W.},
doi = {10.1007/BF01877517},
journal = {Communications in Mathematical Physics},
month = jun,
number = {2},
pages = {152--166},
title = {{Black holes in general relativity}},
url = {http://www.springerlink.com/content/w5018k0032435281},
volume = {25},
year = {1972}
}
@article{Huerta2009,
archivePrefix = {arXiv},
arxivId = {0812.4208},
author = {Huerta, E. A. and Gair, Jonathan R.},
doi = {10.1103/PhysRevD.79.084021},
eprint = {0812.4208},
journal = {Phys.\ Rev.\ D},
keywords = {Post-Newtonian approximation,Wave generation and sources,perturbation theory,related approximations},
language = {en},
month = apr,
number = {8},
pages = {84021},
title = {{Influence of conservative corrections on parameter estimation for extreme-mass-ratio inspirals}},
url = {http://adsabs.harvard.edu/abs/2009PhRvD..79h4021H},
volume = {79},
year = {2009}
}
@book{Hobson2006,
address = {Cambridge},
author = {Hobson, M. P. and Efstathiou, G. and Lasenby, A.N.},
isbn = {978-0-521-82951-9},
publisher = {Cambridge University Press},
title = {{General Relativity: An Introduction for Physicists}},
year = {2006}
}
@article{Hopman2007,
arxivId = {astro-ph/0612337},
author = {Hopman, Clovis and Freitag, Marc and Larson, Shane L.},
doi = {10.1111/j.1365-2966.2007.11758.x},
journal = {MNRAS},
keywords = {Astrophysics,General Relativity and Quantum Cosmology},
month = jun,
number = {1},
pages = {129--136},
title = {{Gravitational wave bursts from the Galactic massive black hole}},
url = {http://www.blackwell-synergy.com/doi/abs/10.1111/j.1365-2966.2007.11758.x},
volume = {378},
year = {2007}
}
@article{Hughes2003,
author = {Hughes, Scott A. and Blandford, Roger D.},
doi = {10.1086/375495},
journal = {ApJ},
keywords = {Black Hole Physics,Galaxies: Active,Galaxies: Nuclei,Galaxies: Quasars: General,Gravitation},
month = mar,
number = {2},
pages = {L101--L104},
title = {{Black Hole Mass and Spin Coevolution by Mergers}},
url = {http://adsabs.harvard.edu/abs/2003ApJ...585L.101H},
volume = {585},
year = {2003}
}
@article{Israel1967,
author = {Israel, Werner},
doi = {10.1103/PhysRev.164.1776},
journal = {Phys.\ Rev.},
month = dec,
number = {5},
pages = {1776--1779},
publisher = {American Physical Society},
title = {{Event Horizons in Static Vacuum Space-Times}},
url = {http://link.aps.org/doi/10.1103/PhysRev.164.1776},
volume = {164},
year = {1967}
}
@article{Israel1968,
author = {Israel, Werner},
doi = {10.1007/BF01645859},
journal = {Communications in Mathematical Physics},
month = sep,
number = {3},
pages = {245--260},
title = {{Event horizons in static electrovac space-times}},
url = {http://www.springerlink.com/content/j414u67684rv167k},
volume = {8},
year = {1968}
}
@article{Jahnke2011,
archivePrefix = {arXiv},
arxivId = {1006.0482},
author = {Jahnke, Knud and Macci\`{o}, Andrea V.},
doi = {10.1088/0004-637X/734/2/92},
eprint = {1006.0482},
journal = {ApJ},
month = jun,
number = {2},
pages = {92},
title = {{The non-causal origin of the black hole-galaxy scaling relations}},
url = {http://stacks.iop.org/0004-637X/734/i=2/a=92?key=crossref.296e1352f57a3338d09967e6b01495f4},
volume = {734},
year = {2011}
}
@book{Jaynes2003,
address = {Cambridge},
author = {Jaynes, E. T.},
isbn = {978-0-521-59271-0},
publisher = {Cambridge University Press},
title = {{Probability Theory: The Logic of Science}},
year = {2003}
}
@techreport{Jennrich2011,
authors = {Jennrich, Oliver and Binetruy, Pierre and Colpi, Monica and Danzmann, Karsten and Jetzer, Philippe and Lobo, Alberto},
author = {Jennrich, Oliver and Binetruy, Pierre and Colpi, Monica and Danzmann, Karsten and Jetzer, Philippe and Lobo, Alberto and Nelemans, Gijs and Schutz, Bernard and Stebbins, Robin and Sumner, Tim and Vitale, Stefano and Ward, Henry},
institution = {European Space Agency},
keywords = {ESA/SRE(2011)19},
pages = {153},
title = {{NGO Revealing a hidden Universe: opening a new chapter of discovery}},
year = {2011}
}
@article{Kaiser1980,
author = {Kaiser, J. and Schafer, R.},
journal = {IEEE Trans.\ Acoustics, Speech and Signal Processing},
month = feb,
number = {1},
pages = {105--107},
title = {{On the use of the $I_0$-sinh window for spectrum analysis}},
url = {http://ieeexplore.ieee.org/xpl/freeabs_all.jsp?arnumber=1163349},
volume = {28},
year = {1980}
}
@article{Karachentsev2004,
author = {Karachentsev, Igor D. and Karachentseva, Valentina E. and Huchtmeier, Walter K. and Makarov, Dmitry I.},
doi = {10.1086/382905},
journal = {AJ},
month = apr,
number = {4},
pages = {2031--2068},
title = {{A Catalog of Neighboring Galaxies}},
url = {http://stacks.iop.org/1538-3881/127/i=4/a=2031},
volume = {127},
year = {2004}
}
@article{Kato2010,
arxivId = {0906.5423},
author = {Kato, Y. and Miyoshi, M. and Takahashi, R. and Negoro, H. and Matsumoto, R.},
doi = {10.1111/j.1745-3933.2010.00818.x},
journal = {MNRAS},
keywords = {Cosmology and Extragalactic Astrophysics,Galaxy Astrophysics},
month = mar,
number = {1},
pages = {L74--L78},
title = {{Measuring spin of a supermassive black hole at the Galactic centre - implications for a unique spin}},
url = {http://blackwell-synergy.com/doi/abs/10.1111/j.1745-3933.2010.00818.x},
volume = {403},
year = {2010}
}
@article{Kerr1963,
author = {Kerr, Roy},
doi = {10.1103/PhysRevLett.11.237},
journal = {Phys.\ Rev.\ Lett.},
month = sep,
number = {5},
pages = {237--238},
publisher = {American Physical Society},
shorttitle = {Phys. Rev. Lett.},
title = {{Gravitational Field of a Spinning Mass as an Example of Algebraically Special Metrics}},
url = {http://link.aps.org/doi/10.1103/PhysRevLett.11.237},
volume = {11},
year = {1963}
}
@article{King2006,
author = {King, A. R. and Pringle, J. E.},
doi = {10.1111/j.1745-3933.2006.00249.x},
journal = {MNRAS},
month = nov,
number = {1},
pages = {L90--L92},
title = {{Growing supermassive black holes by chaotic accretion}},
url = {http://www.blackwell-synergy.com/doi/abs/10.1111/j.1745-3933.2006.00249.x},
volume = {373},
year = {2006}
}
@article{King2008,
author = {King, A. R. and Pringle, J. E. and Hofmann, J. A.},
doi = {10.1111/j.1365-2966.2008.12943.x},
journal = {MNRAS},
keywords = {accretion,accretion discs,black hole physics,galaxies: active},
month = apr,
number = {3},
pages = {1621--1627},
title = {{The evolution of black hole mass and spin in active galactic nuclei}},
url = {http://adsabs.harvard.edu/abs/2008MNRAS.385.1621K},
volume = {385},
year = {2008}
}
@article{Kobayashi2004,
arxivId = {astro-ph/0404173},
author = {Kobayashi, Shiho and Laguna, Pablo and Phinney, E. Sterl and Meszaros, Peter},
doi = {10.1086/424684},
journal = {ApJ},
keywords = {Astrophysics,General Relativity and Quantum Cosmology},
month = nov,
number = {2},
pages = {855--865},
title = {{Gravitational Waves and X-Ray Signals from Stellar Disruption by a Massive Black Hole}},
url = {http://arxiv.org/abs/astro-ph/0404173},
volume = {615},
year = {2004}
}
@article{Kormendy1995,
author = {Kormendy, J and Richstone, D},
doi = {10.1146/annurev.aa.33.090195.003053},
journal = {ARA\&A},
month = sep,
number = {1},
pages = {581--624},
title = {{Inward Bound--The Search for Supermassive Black Holes in Galactic Nuclei}},
url = {http://adsabs.harvard.edu/abs/1995ARA%26A..33..581K},
volume = {33},
year = {1995}
}
@article{Larson2000,
arxivId = {gr-qc/9909080},
author = {Larson, Shane L. and Hiscock, William A. and Hellings, Ronald W.},
doi = {10.1103/PhysRevD.62.062001},
journal = {Phys.\ Rev.\ D},
keywords = {Astrophysics,General Relativity and Quantum Cosmology},
month = aug,
number = {6},
pages = {062001},
title = {{Sensitivity curves for spaceborne gravitational wave interferometers}},
url = {http://arxiv.org/abs/gr-qc/9909080},
volume = {62},
year = {2000}
}
@article{Larson2002,
author = {Larson, Shane L. and Hellings, Ronald W. and Hiscock, William A.},
doi = {10.1103/PhysRevD.66.062001},
journal = {Phys.\ Rev.\ D},
month = sep,
number = {6},
pages = {062001},
title = {{Unequal arm space-borne gravitational wave detectors}},
url = {http://prd.aps.org/abstract/PRD/v66/i6/e062001},
volume = {66},
year = {2002}
}
@article{Lynden-Bell1971,
author = {Lynden-Bell, D. and Rees, M. J.},
journal = {MNRAS},
month = jun,
number = {4},
pages = {461--475},
title = {{On quasars, dust and the galactic centre}},
url = {http://adsabs.harvard.edu/abs/1971MNRAS.152..461L},
volume = {152},
year = {1971}
}
@book{MacKay2003,
address = {Cambridge},
author = {MacKay, David J. C.},
isbn = {978-0-521-64298-9},
pages = {640},
publisher = {Cambridge University Press},
title = {{Information Theory, Inference and Learning Algorithms}},
url = {http://www.amazon.com/Information-Theory-Inference-Learning-Algorithms/dp/0521642981},
year = {2003}
}
@article{Magorrian1998,
author = {Magorrian, John and Tremaine, Scott and Richstone, Douglas and Bender, Ralf and Bower, Gary and Dressler, Alan and Faber, S. M. and Gebhardt, Karl and Green, Richard and Grillmair, Carl and Kormendy, John and Lauer, Tod},
doi = {10.1086/300353},
journal = {AJ},
keywords = {COSMOLOGY: DARK MATTER,GALAXIES: NUCLEI},
month = jun,
number = {6},
pages = {2285--2305},
title = {{The Demography of Massive Dark Objects in Galaxy Centers}},
url = {http://adsabs.harvard.edu/abs/1998AJ....115.2285M},
volume = {115},
year = {1998}
}
@article{Malbon2007,
archivePrefix = {arXiv},
arxivId = {astro-ph/0607424},
author = {Malbon, Rowena K. and Baugh, C. M. and Frenk, C. S. and Lacey, C. G.},
doi = {10.1111/j.1365-2966.2007.12317.x},
eprint = {0607424},
journal = {MNRAS},
keywords = {Astrophysics},
month = nov,
number = {4},
pages = {1394--1414},
primaryClass = {astro-ph},
title = {{Black hole growth in hierarchical galaxy formation}},
url = {http://doi.wiley.com/10.1111/j.1365-2966.2007.12317.x},
volume = {382},
year = {2007}
}
@article{Marconi2003,
author = {Marconi, Alessandro and Hunt, Leslie K.},
doi = {10.1086/375804},
journal = {ApJ},
month = may,
number = {1},
pages = {L21--L24},
title = {{The Relation between Black Hole Mass, Bulge Mass, and Near-Infrared Luminosity}},
url = {http://stacks.iop.org/1538-4357/589/i=1/a=L21},
volume = {589},
year = {2003}
}
@article{Martel2004,
author = {Martel, Karl},
doi = {10.1103/PhysRevD.69.044025},
journal = {Phys.\ Rev.\ D},
month = feb,
number = {4},
pages = {044025},
title = {{Gravitational waveforms from a point particle orbiting a Schwarzschild black hole}},
url = {http://prd.aps.org/abstract/PRD/v69/i4/e044025},
volume = {69},
year = {2004}
}
@article{McClintock2011,
author = {McClintock, Jeffrey E and Narayan, Ramesh and Davis, Shane W and Gou, Lijun and Kulkarni, Akshay and Orosz, Jerome A and Penna, Robert F and Remillard, Ronald A and Steiner, James F},
doi = {10.1088/0264-9381/28/11/114009},
journal = {Classical Quant.\ Grav.},
month = jun,
number = {11},
pages = {114009},
title = {{Measuring the spins of accreting black holes}},
url = {http://stacks.iop.org/0264-9381/28/i=11/a=114009},
volume = {28},
year = {2011}
}
@article{McKechan2010,
author = {McKechan, D J A and Robinson, C and Sathyaprakash, B S},
doi = {10.1088/0264-9381/27/8/084020},
journal = {Classical Quant.\ Grav.},
month = apr,
number = {8},
pages = {084020},
title = {{A tapering window for time-domain templates and simulated signals in the detection of gravitational waves from coalescing compact binaries}},
url = {http://stacks.iop.org/0264-9381/27/i=8/a=084020?key=crossref.e59ce6b887942d475e138b5c5055c92a},
volume = {27},
year = {2010}
}
@article{Mei2007,
author = {Mei, Simona and Blakeslee, John P. and Cote, Patrick and Tonry, John L. and West, Michael J. and Ferrarese, Laura and Jordan, Andres and Peng, Eric W. and Anthony, Andre and Merritt, David},
doi = {10.1086/509598},
journal = {ApJ},
month = jan,
number = {1},
pages = {144--162},
title = {{The ACS Virgo Cluster Survey. XIII. SBF Distance Catalog and the Three-dimensional Structure of the Virgo Cluster}},
url = {http://iopscience.iop.org/0004-637X/655/1/144},
volume = {655},
year = {2007}
}
@article{Merritt2001,
archivePrefix = {arXiv},
arxivId = {astro-ph/0107359},
author = {Merritt, D and Ferrarese, L and Joseph, C L},
doi = {10.1126/science.1063896},
eprint = {0107359},
journal = {Sci},
month = aug,
number = {5532},
pages = {1116--1118},
pmid = {11463879},
primaryClass = {astro-ph},
title = {{No supermassive black hole in M33?}},
url = {http://arxiv.org/abs/astro-ph/0107359},
volume = {293},
year = {2001}
}
@article{Merritt2010,
arxivId = {0911.4718},
author = {Merritt, David and Alexander, Tal and Mikkola, Seppo and Will, Clifford M.},
doi = {10.1103/PhysRevD.81.062002},
journal = {Phys.\ Rev.\ D},
keywords = {Cosmology and Extragalactic Astrophysics,Galaxy Astrophysics,General Relativity and Quantum Cosmology},
month = mar,
number = {6},
pages = {062002},
title = {{Testing properties of the Galactic center black hole using stellar orbits}},
url = {http://arxiv.org/abs/0911.4718},
volume = {81},
year = {2010}
}
@article{Metropolis1953,
author = {Metropolis, Nicholas and Rosenbluth, Arianna W. and Rosenbluth, Marshall N. and Teller, Augusta H. and Teller, Edward},
doi = {10.1063/1.1699114},
journal = {The Journal of Chemical Physics},
month = jun,
number = {6},
pages = {1087},
title = {{Equation of State Calculations by Fast Computing Machines}},
url = {http://link.aip.org/link/JCPSA6/v21/i6/p1087/s1&Agg=doi},
volume = {21},
year = {1953}
}
@article{Miller2007,
author = {Miller, J.M.},
doi = {10.1146/annurev.astro.45.051806.110555},
journal = {ARA\&A},
keywords = {X-ray astronomy,X-ray sources,accretion physics,active galaxies,black holes,general relativity},
language = {en},
month = sep,
number = {1},
pages = {441--479},
publisher = {Annual Reviews},
title = {{Relativistic X-Ray Lines from the Inner Accretion Disks Around Black Holes}},
url = {http://www.annualreviews.org/doi/abs/10.1146/annurev.astro.45.051806.110555},
volume = {45},
year = {2007}
}
@article{Miniutti2009,
author = {Miniutti, G. and Panessa, F. and {De Rosa}, A. and Fabian, A. C. and Malizia, A. and Molina, M. and Miller, J. M. and Vaughan, S.},
doi = {10.1111/j.1365-2966.2009.15092.x},
journal = {MNRAS},
month = sep,
number = {1},
pages = {255--262},
title = {{An intermediate black hole spin in the NLS1 galaxy SWIFT J2127.4+5654: chaotic accretion or spin energy extraction?}},
url = {http://doi.wiley.com/10.1111/j.1365-2966.2009.15092.x},
volume = {398},
year = {2009}
}
@book{Misner1973,
address = {New York},
author = {Misner, C. W. and Thorne, K. S. and Wheeler, J. A.},
isbn = {978-0-7167-0344-0},
publisher = {W. H. Freeman},
title = {{Gravitation}},
year = {1973}
}
@article{Nardini2011,
author = {Nardini, E. and Fabian, A. C. and Reis, R. C. and Walton, D. J.},
doi = {10.1111/j.1365-2966.2010.17518.x},
journal = {MNRAS},
month = jan,
number = {2},
pages = {1251--1261},
title = {{A reflection origin for the soft and hard X-ray excess of Ark 120}},
url = {http://doi.wiley.com/10.1111/j.1365-2966.2010.17518.x},
volume = {410},
year = {2011}
}
@article{Nuttall1981,
author = {Nuttall, A.},
journal = {IEEE Transactions on Acoustics, Speech and Signal Processing},
month = feb,
number = {1},
pages = {84--91},
title = {{Some windows with very good sidelobe behavior}},
url = {http://ieeexplore.ieee.org/xpls/abs_all.jsp?arnumber=1163506},
volume = {29},
year = {1981}
}
@article{Patrick2011,
author = {Patrick, A. R. and Reeves, J. N. and Porquet, D. and Markowitz, A. G. and Lobban, A. P. and Terashima, Y.},
doi = {10.1111/j.1365-2966.2010.17852.x},
journal = {MNRAS},
month = mar,
number = {4},
pages = {2353--2370},
title = {{Iron line profiles in Suzaku spectra of bare Seyfert galaxies}},
url = {http://doi.wiley.com/10.1111/j.1365-2966.2010.17852.x},
volume = {411},
year = {2011}
}
@article{Peng2007,
author = {Peng, Chien Y.},
doi = {10.1086/522774},
journal = {ApJ},
month = dec,
number = {2},
pages = {1098--1107},
title = {{How Mergers May Affect the Mass Scaling Relation between Gravitationally Bound Systems}},
url = {http://iopscience.iop.org/0004-637X/671/2/1098},
volume = {671},
year = {2007}
}
@article{Peters1963,
author = {Peters, P. C. and Mathews, J.},
doi = {10.1103/PhysRev.131.435},
journal = {Phys.\ Rev.},
month = jul,
number = {1},
pages = {435--440},
publisher = {American Physical Society},
shorttitle = {Phys. Rev.},
title = {{Gravitational Radiation from Point Masses in a Keplerian Orbit}},
url = {http://link.aps.org/doi/10.1103/PhysRev.131.435},
volume = {131},
year = {1963}
}
@article{Peters1964,
author = {Peters, P. C.},
doi = {10.1103/PhysRev.136.B1224},
journal = {Phys.\ Rev.},
month = nov,
number = {4B},
pages = {B1224--B1232},
publisher = {American Physical Society},
shorttitle = {Phys. Rev.},
title = {{Gravitational Radiation and the Motion of Two Point Masses}},
url = {http://link.aps.org/doi/10.1103/PhysRev.136.B1224},
volume = {136},
year = {1964}
}
@article{Press1977,
author = {Press, William},
doi = {10.1103/PhysRevD.15.965},
journal = {Phys.\ Rev.\ D},
month = feb,
number = {4},
pages = {965--968},
publisher = {American Physical Society},
shorttitle = {Phys. Rev. D},
title = {{Gravitational radiation from sources which extend into their own wave zone}},
url = {http://link.aps.org/doi/10.1103/PhysRevD.15.965},
volume = {15},
year = {1977}
}
@article{Preto2010,
author = {Preto, Miguel and Amaro-Seoane, Pau},
doi = {10.1088/2041-8205/708/1/L42},
journal = {ApJ},
month = jan,
number = {1},
pages = {L42--L46},
title = {{On Strong Mass Segregation Around A Massive Black Hole: Implications For Lower-Frequency Gravitational-Wave Astrophysics}},
url = {http://stacks.iop.org/2041-8205/708/i=1/a=L42},
volume = {708},
year = {2010}
}
@article{Psaltis2008a,
author = {Psaltis, Dimitrios},
journal = {Living Reviews in Relativity},
number = {9},
title = {{Probes and Tests of Strong-Field Gravity with Observations in the Electromagnetic Spectrum}},
url = {http://www.livingreviews.org/lrr-2008-9},
volume = {11},
year = {2008}
}
@article{Rees1984,
author = {Rees, M J},
doi = {10.1146/annurev.aa.22.090184.002351},
journal = {ARA\&A},
month = sep,
number = {1},
pages = {471--506},
title = {{Black Hole Models for Active Galactic Nuclei}},
url = {http://arjournals.annualreviews.org/doi/abs/10.1146/annurev.aa.22.090184.002351},
volume = {22},
year = {1984}
}
@article{Reid1999,
author = {Reid, M. J. and Readhead, A. C. S. and Vermeulen, R. C. and Treuhaft, R. N.},
doi = {10.1086/307855},
journal = {ApJ},
month = oct,
number = {2},
pages = {816--823},
title = {{The Proper Motion of Sagittarius A*. I. First VLBA Results}},
url = {http://stacks.iop.org/0004-637X/524/i=2/a=816},
volume = {524},
year = {1999}
}
@article{Reid2003,
author = {Reid, Mark J. and Menten, Karl M. and Genzel, Reinhard and Ott, Thomas and Sch\"{o}del, Rainer and Brunthaler, Andreas},
doi = {10.1002/asna.200385084},
journal = {Astronomische Nachrichten},
month = sep,
number = {S1},
pages = {505--511},
title = {{The Position, Motion, and Mass of Sgr A*}},
url = {http://www3.interscience.wiley.com/journal/106559416/abstract},
volume = {324},
year = {2003}
}
@article{Roberts1997,
author = {Roberts, G. O. and Gelman, A. and Gilks, W. R.},
journal = {The Annals of Applied Probability},
keywords = {Markov chain Monte Carlo,Metropolis algorithm,optimal scaling,weak convergence},
month = mar,
number = {1},
pages = {110--120},
title = {{Weak convergence and optimal scaling of random walk Metropolis algorithms}},
url = {http://projecteuclid.org/euclid.aoap/1034625254},
volume = {7},
year = {1997}
}
@article{Roberts2001,
author = {Roberts, Gareth O. and Rosenthal, Jeffrey S.},
journal = {Statistical Science},
month = nov,
number = {4},
pages = {351--367},
title = {{Optimal scaling for various Metropolis-Hastings algorithms}},
url = {http://projecteuclid.org/euclid.ss/1015346320},
volume = {16},
year = {2001}
}
@article{Roberts2007,
author = {Roberts, Gareth O. and Rosenthal, Jeffrey S.},
journal = {Journal of Applied Probability},
keywords = {Markov chains,computational methods},
language = {EN},
month = mar,
number = {2},
pages = {458--475},
title = {{Coupling and ergodicity of adaptive Markov chain Monte Carlo algorithms}},
url = {http://projecteuclid.org/euclid.jap/1183667414},
volume = {44},
year = {2007}
}
@article{Robinson1975,
author = {Robinson, D.},
doi = {10.1103/PhysRevLett.34.905},
journal = {Phys.\ Rev.\ Lett.},
month = apr,
number = {14},
pages = {905--906},
title = {{Uniqueness of the Kerr Black Hole}},
url = {http://prl.aps.org/abstract/PRL/v34/i14/p905_1},
volume = {34},
year= {1975}
}
@article{Rosquist2009,
arxivId = {0710.4260},
author = {Rosquist, K. and Bylund, T. and Samuelsson, L.},
doi = {10.1142/S0218271809014546},
journal = {International Journal of Modern Physics D},
keywords = {Astrophysics,General Relativity and Quantum Cosmology},
month = oct,
number = {3},
pages = {429--434},
title = {{Carter's Constant Revealed}},
url = {http://arxiv.org/abs/0710.4260},
volume = {18},
year = {2009}
} 
@article{Rubbo2006,
arxivId = {astro-ph/0602445},
author = {Rubbo, Louis J. and Holley-Bockelmann, Kelly and Finn, Lee Samuel},
doi = {10.1086/508326},
journal = {ApJ},
keywords = {Astrophysics,General Relativity and Quantum Cosmology},
month = sep,
number = {1},
pages = {L25--L28},
publisher = {AIP},
title = {{Event Rate for Extreme Mass Ratio Burst Signals in the Laser Interferometer Space Antenna Band}},
url = {http://stacks.iop.org/1538-4357/649/i=1/a=L25},
volume = {649},
year = {2006}
}
@article{Ruffini1981,
author = {Ruffini, Remo and Sasaki, Misao},
doi = {10.1143/PTP.66.1627},
journal = {Progress of Theoretical Physics},
month = nov,
number = {5},
pages = {1627--1638},
title = {{On a Semi-Relativistic Treatment of the Gravitational Radiation from a Mass Thrusted into a Black Hole}},
url = {http://ptp.ipap.jp/link?PTP/66/1627/},
volume = {66},
year = {1981}
}
@article{Sathyaprakash2009,
author = {Sathyaprakash, B.S. and Schutz, Bernard F.},
journal = {Living Reviews in Relativity},
number = {2},
title = {{Physics, Astrophysics and Cosmology with Gravitational Waves}},
url = {http://www.livingreviews.org/lrr-2009-2/},
volume = {12},
year = {2009}
}
@article{Schmoll2009,
author = {Schmoll, S. and Miller, J. M. and Volonteri, M. and Cackett, E. and Reynolds, C. S. and Fabian, A. C. and Brenneman, L. W. and Miniutti, G. and Gallo, L. C.},
doi = {10.1088/0004-637X/703/2/2171},
journal = {ApJ},
month = oct,
number = {2},
pages = {2171--2176},
title = {{Constraining the Spin of the Black Hole in Fairall 9 with Suzaku}},
url = {http://iopscience.iop.org/0004-637X/703/2/2171},
volume = {703},
year = {2009}
}
@article{Sikora2007,
author = {Sikora, Marek and Stawarz, {\L}ukasz and Lasota, Jean-Pierre},
doi = {10.1086/511972},
journal = {ApJ},
keywords = {Galaxies: Jets,Magnetohydrodynamics: MHD,Radiation Mechanisms: Nonthermal},
month = apr,
number = {2},
pages = {815--828},
title = {{Radio Loudness of Active Galactic Nuclei: Observational Facts and Theoretical Implications}},
url = {http://adsabs.harvard.edu/abs/2007ApJ...658..815S},
volume = {658},
year = {2007}
}
@article{Soltan1982,
author = {So{\l}tan, A.},
journal = {MNRAS},
keywords = {ASTRONOMICAL MODELS,BLACK HOLES (ASTRONOMY),BOLOMETERS,GALACTIC EVOLUTION,GALACTIC NUCLEI,LUMINOSITY,MASS,QUASARS,RED SHIFT,SPECTROPHOTOMETRY,STELLAR MASS ACCRETION},
month = jul,
number = {1},
pages = {115--122},
title = {{Masses of quasars}},
url = {http://adsabs.harvard.edu/abs/1982MNRAS.200..115S},
volume = {200},
year = {1982}
}
@article{Tanaka1993,
author = {Tanaka, Takahiro and Shibata, Masaru and Sasaki, Misao and Tagoshi, Hideyuki and Nakamura, Takashi},
doi = {10.1143/PTP.90.65},
journal = {Progress of Theoretical Physics},
month = jul,
number = {1},
pages = {65--83},
title = {{Gravitational Wave Induced by a Particle Orbiting around a Schwarzschild Black Hole}},
url = {http://ptp.ipap.jp/cgi-bin/link?PTP/90/65/},
volume = {90},
year = {1993}
}
@article{Thorne1974,
author = {Thorne, Kip S.},
doi = {10.1086/152991},
journal = {ApJ},
month = jul,
number = {2},
pages = {507--519},
title = {{Disk-Accretion onto a Black Hole. II. Evolution of the Hole}},
url = {http://adsabs.harvard.edu/doi/10.1086/152991},
volume = {191},
year = {1974}
}
@article{Toonen2009,
arxivId = {0902.3253},
author = {Toonen, Silvia and Hopman, Clovis and Freitag, Marc},
doi = {10.1111/j.1365-2966.2009.15204.x},
journal = {MNRAS},
keywords = {Earth and Planetary Astrophysics},
month = sep,
number = {3},
pages = {1228--1234},
title = {{The gravitational wave background from star-massive black hole fly-bys}},
url = {http://doi.wiley.com/10.1111/j.1365-2966.2009.15204.x},
volume = {398},
year = {2009}
}
@article{Tremaine2002,
author = {Tremaine, Scott and Gebhardt, Karl and Bender, Ralf and Bower, Gary and Dressler, Alan and Faber, S. M. and Filippenko, Alexei V. and Green, Richard and Grillmair, Carl and Ho, Luis C. and Kormendy, John and Lauer, Tod R. and Magorrian, John and Pinkney, Jason and Richstone, Douglas},
doi = {10.1086/341002},
journal = {ApJ},
month = aug,
number = {2},
pages = {740--753},
title = {{The Slope of the Black Hole Mass versus Velocity Dispersion Correlation}},
url = {http://stacks.iop.org/0004-637X/574/i=2/a=740},
volume = {574},
year = {2002}
}
@article{Trippe2007,
author = {Trippe, S. and Paumard, T. and Ott, T. and Gillessen, S. and Eisenhauer, F. and Martins, F. and Genzel, R.},
doi = {10.1111/j.1365-2966.2006.11338.x},
journal = {MNRAS},
month = mar,
number = {3},
pages = {764--772},
title = {{A polarized infrared flare from Sagittarius A* and the signatures of orbiting plasma hotspots}},
url = {http://doi.wiley.com/10.1111/j.1365-2966.2006.11338.x},
volume = {375},
year = {2007}
}
@article{Turner1977,
author = {Turner, M.},
doi = {10.1086/155501},
journal = {ApJ},
keywords = {CIRCULAR ORBITS,ECCENTRIC ORBITS,ENERGY SPECTRA,GRAVITATIONAL WAVES,ORBIT CALCULATION,POINT SOURCES,RELATIVITY,SINE WAVES,WAVEFORMS},
month = sep,
number = {2},
pages = {610--619},
title = {{Gravitational radiation from point-masses in unbound orbits - Newtonian results}},
url = {http://adsabs.harvard.edu/abs/1977ApJ...216..610T},
volume = {216},
year = {1977}
}
@article{Vallisneri2008,
arxivId = {gr-qc/0703086},
author = {Vallisneri, Michele},
doi = {10.1103/PhysRevD.77.042001},
journal = {Phys.\ Rev.\ D},
keywords = {General Relativity and Quantum Cosmology},
month = feb,
number = {4},
pages = {042001},
title = {{Use and abuse of the Fisher information matrix in the assessment of gravitational-wave parameter-estimation prospects}},
url = {http://arxiv.org/abs/gr-qc/0703086},
volume = {77},
year = {2008}
}
@article{Verolme2002,
author = {Verolme, E. K. and Cappellari, M. and Copin, Y. and van der Marel, R. P. and Bacon, R. and Bureau, M. and Davies, R. L. and Miller, B. M. and de Zeeuw, P. T.},
doi = {10.1046/j.1365-8711.2002.05664.x},
journal = {MNRAS},
month = sep,
number = {3},
pages = {517--525},
title = {{A SAURON study of M32: measuring the intrinsic flattening and the central black hole mass}},
url = {http://doi.wiley.com/10.1046/j.1365-8711.2002.05664.x},
volume = {335},
year = {2002}
}
@article{Volonteri2005,
author = {Volonteri, Marta and Madau, Piero and Quataert, Eliot and Rees, Martin J.},
doi = {10.1086/426858},
journal = {ApJ},
keywords = {Black Hole Physics,Cosmology: Theory,Galaxies: Active,Galaxies: Nuclei,Galaxies: Quasars: General},
month = feb,
number = {1},
pages = {69--77},
title = {{The Distribution and Cosmic Evolution of Massive Black Hole Spins}},
url = {http://adsabs.harvard.edu/abs/2005ApJ...620...69V},
volume = {620},
year = {2005}
}
@article{Volonteri2007,
author = {Volonteri, Marta and Sikora, Marek and Lasota, Jean-Pierre},
doi = {10.1086/521186},
journal = {ApJ},
keywords = {Black Hole Physics,Cosmology: Theory,Galaxies: Evolution,Galaxies: Quasars: General},
month = oct,
number = {2},
pages = {704--713},
title = {{Black Hole Spin and Galactic Morphology}},
url = {http://adsabs.harvard.edu/abs/2007ApJ...667..704V},
volume = {667},
year = {2007}
}
@article{Volonteri2009,
author = {Volonteri, Marta and Natarajan, Priyamvada},
doi = {10.1111/j.1365-2966.2009.15577.x},
journal = {MNRAS},
keywords = {accretion,accretion discs,black hole physics,cosmology: theory,galaxies: formation,hydrodynamics,instabilities},
language = {en},
month = dec,
number = {4},
pages = {1911--1918},
title = {{Journey to the $M_\mathrm{BH}$-$\sigma$ relation: the fate of low-mass black holes in the Universe}},
url = {http://adsabs.harvard.edu/abs/2009MNRAS.400.1911V},
volume = {400},
year = {2009}
}
@article{Volonteri2010,
author = {Volonteri, Marta},
doi = {10.1007/s00159-010-0029-x},
journal = {A\&AR},
keywords = {Physics and Astronomy},
month = apr,
number = {3},
pages = {279--315},
publisher = {Springer Berlin / Heidelberg},
title = {{Formation of supermassive black holes}},
url = {http://www.springerlink.com/content/ch3146041167p225/},
volume = {18},
year = {2010}
}
@article{Weng2009,
archivePrefix = {arXiv},
arxivId = {0908.4528},
author = {Weng, Shan-Shan and Wang, Jun-Xian and Gu, Wei-Min and Lu, Ju-Fu},
eprint = {0908.4528},
journal = {PASJ},
keywords = {X-rays: binaries,X-rays: individual (M 33 X-8),X-rays: stars,accretion,accretion disks,black hole physics},
month = dec,
number = {6},
pages = {1287--1291},
title = {{Spectral Analyses of the Nearest Persistent Ultraluminous X-Ray Source M 33 X-8}},
url = {http://adsabs.harvard.edu/abs/2009PASJ...61.1287W},
volume = {61},
year = {2009}
}
@article{Wilkins1972,
author = {Wilkins, Daniel},
doi = {10.1103/PhysRevD.5.814},
journal = {Phys.\ Rev.\ D},
month = feb,
number = {4},
pages = {814--822},
publisher = {American Physical Society},
shorttitle = {Phys. Rev. D},
title = {{Bound Geodesics in the Kerr Metric}},
url = {http://link.aps.org/doi/10.1103/PhysRevD.5.814},
volume = {5},
year = {1972}
}
@article{Yu2002,
author = {Yu, Qingjuan and Tremaine, Scott},
doi = {10.1046/j.1365-8711.2002.05532.x},
journal = {MNRAS},
keywords = {black hole physics,cosmology: miscellaneous,galaxies: active,galaxies: evolution,galaxies: nuclei,quasars: general},
month = oct,
number = {4},
pages = {965--976},
title = {{Observational constraints on growth of massive black holes}},
url = {http://adsabs.harvard.edu/abs/2002MNRAS.335..965Y},
volume = {335},
year = {2002}
}
@article{Yunes2008,
archivePrefix = {arXiv},
arxivId = {0704.2612},
author = {Yunes, Nicol\'{a}s and Sopuerta, Carlos F. and Rubbo, Louis J. and Holley-Bockelmann, Kelly},
doi = {10.1086/525839},
eprint = {0704.2612},
journal = {ApJ},
keywords = {Astrophysics,General Relativity and Quantum Cosmology},
month = mar,
number = {1},
pages = {604--613},
title = {{Relativistic Effects in Extreme Mass Ratio Gravitational Wave Bursts}},
url = {http://arxiv.org/abs/0704.2612},
volume = {675},
year = {2008}
}
@article{Yusef-Zadeh1999,
author = {Yusef-Zadeh, F. and Choate, D. and Cotton, W.},
doi = {10.1086/312058},
journal = {ApJ},
keywords = {GALAXIES: ISM,GALAXY: CENTER,ISM: INDIVIDUAL: NAME: SAGITTARIUS A*},
language = {en},
month = jun,
number = {1},
pages = {L33--L35},
title = {{The Position of Sagittarius A* at the Galactic Center}},
url = {http://adsabs.harvard.edu/abs/1999ApJ...518L..33Y},
volume = {518},
year = {1999}
}
@article{Zoghbi2010,
author = {Zoghbi, A. and Fabian, A. C. and Uttley, P. and Miniutti, G. and Gallo, L. C. and Reynolds, C. S. and Miller, J. M. and Ponti, G.},
doi = {10.1111/j.1365-2966.2009.15816.x},
journal = {MNRAS},
month = feb,
number = {4},
pages = {2419--2432},
title = {{Broad iron L line and X-ray reverberation in 1H0707-495}},
url = {http://doi.wiley.com/10.1111/j.1365-2966.2009.15816.x},
volume = {401},
year = {2010}
}
